2442 3703
577 283 675 331 ³³6
1082 273 1418 324 AROIDEAE.
1549 274 1712 320 Arum.

702 403 915 451 mineus:
953 401 1115 464 saepius
1152 399 1424 446 Staminibus
1459 399 1691 459 pistillisve
1729 397 1953 443 sterilibus
1974 395 2196 443 fertilibus

708 469 1044 529 approximatis,
1109 467 1272 511 Baccoe
1295 464 1610 515 unssoculares,
1645 462 1961 523 polyspermae.
2017 449 2195 508 Semina

703 534 858 594 parieti
884 527 1025 577 alteri.
1048 533 1225 576 inserta.
1296 527 1515 576 Radicula
1538 527 1757 572 umbilico
1777 529 1977 571 obversa.

637 618 755 665 Osss.
782 617 938 662 Genus
960 614 1146 676 posthac
1167 611 1460 665 dividendum
1479 611 1727 656 secundum
1748 609 1883 653 ovarii
1903 617 2178 671 structuram

703 681 823 743 quod
849 683 892 725 in
918 681 1127 739 pluribus·
1152 678 1493 738 polyspermum
1515 677 1680 734 quibus
1715 674 1864 733 itaque
1886 687 2052 718 nomen
2090 673 2196 718 reti-

704 746 907 792 nendum
930 765 941 799 3
982 746 1026 788 in
1051 741 1282 788 nonnullis
1303 742 1423 786 certe
1445 753 1845 798 monospermum:
1867 739 2197 798 'inquirendum

704 825 887 870 quoque
911 822 1061 853 annon
1082 809 1127 851 in
1152 807 1252 851 Aris
1271 806 1479 865 genuinis
1503 805 1691 865 spadicis
1712 802 1981 862 appendices
2016 808 2197 860 semper

707 874 905 920 antheris
928 871 1247 934 approximati,
1277 870 1466 929 ideoque
1488 883 1569 928 pro
1586 867 1852 912 staminibus
1877 865 2101 911 sterilibus
2121 865 2200 910 ba-

702 939 860 992 bendi3
878 939 989 982 dum
1015 937 1058 980 in
1080 935 1411 995 monospermis
1432 935 1508 978 ubi
1525 939 1702 977 exstant
1717 931 1877 976 ovariis
1895 931 2098 990 contigui
2117 943 2202 990 pro

701 1003 876 1064 pistillis
897 1001 1170 1062 imperfectis
1192 999 1496 1044 considerandi
1519 999 1622 1042 sint.

581 1119 622 1157 1.
656 1109 714 1154 A.
739 1107 967 1162 ori-tense,
1022 1105 1142 1151 foliis
1184 1092 1632 1163 hastato-tripartitis,
1689 1098 1849 1162 spatha
1894 1096 2199 1162 pedunculata

706 1172 890 1218 bicolori
915 1171 1092 1231 spadice
1130 1169 1367 1230 longiore:
1406 1170 1532 1228 apice
1565 1166 1817 1212 lanceolato
1840 1163 2034 1212 deflexo.
2106 1162 2196 1223 (J.)

637 1253 1043 1350 Atfflbrixens‘-
1114 1297 1255 1345 Rooeb.
1280 1294 1433 1344 MSS.
1500 1295 1647 1342 Andr.
1675 1304 1817 1356 repos.
1843 1293 1956 1341 356.

951 1443 1373 1495 CALLADIUM.
1450 1442 1572 1490 Vent.
1612 1440 1724 1488 Cels.
1748 1446 1827 1488 30.

977 1530 1198 1576 Culcasia.
1226 1526 1438 1586 Palinfl.
1463 1528 1593 1578 d'aw.
1617 1534 1663 1572 3.
1690 1534 1722 1572 t.
1747 1533 1792 1573 3.

580 1635 760 1698 Spatha
794 1634 1111 1696 monophylla,
1166 1633 1408 1686 cucullata,
1461 1634 1553 1679 basi
1597 1637 1854 1678 convoluta.
1943 1625 2113 1688 Spadia:
2147 1629 2206 1675 ad

703 1700 867 1760 apicem
891 1699 1159 1753 staminifer‚
1186 1713 1405 1747 mucrone
1427 1697 1702 1757 quandoque
1726 1694 1850 1740 nudo
1870 1716 1882 1749 ;
1909 1692 2051 1738 medio
2073 1692 2176 1753 glan

705 1764 889 1810 dulosus
911 1785 922 1820 ;
962 1763 1054 1809 hasz'
1076 1763 1235 1808 ovariis
1257 1771 1421 1808 tectus,
1486 1758 1704 1805 Antkeroe
1737 1759 1936 1821 peltam,
1971 1759 2055 1804 sub
2079 1759 2202 1818 pelta

706 1830 760 1874 ad
785 1830 1008 1876 ambitum
1052 1827 1420 1874 multiloculares.
1493 1823 1740 1870 Glanclulae.
1772 1824 1985 1881 (stamina
2008 1823 2197 1881 sterilia)

703 1896 891 1940 obtusae.
963 1892 1141 1954 Stigma
1166 1891 1502 1937 umbilicatum.
1574 1890 1722 1935 Bacca
1746 1888 2102 1947 monosperma?

640 1977 761 2024 Osss.
797 1978 869 2022 An
905 1992 1066 2022 omnes
1092 1992 1133 2022 v.
1171 1977 1321 2038 plures
1345 1975 1493 2021 Bacca
1516 1973 1838 2034 monosperma
1865 1973 2207 2017 instructa-'sint

704 2043 749 2088 in
774 2050 1003 2103 posterum
1034 2040 1452 2098 determinandum.

582 2155 624 2192 1.
660 2148 714 2193 C.
738 2163 856 2199 acre,
881 2145 1053 2199 acaule,
1077 2146 1194 2192 foliis
1215 2145 1410 2207 peltatiS,
1434 2144 1645 2199 cordatis,
1667 2142 1843 2204 spadice
1866 2157 2013 2204 usque
2036 2143 2091 2188 ad
2106 2144 2202 2203 api·

703 2227 808 2257 cem
842 2211 1205 2257 obtusiusculurn
1243 2209 1520 2267 antherifero
1551 2209 1882 2255 mucronulove
1939 2208 2206 2253 brevissimo

705 2277 846 2329 nudo,
887 2275 1045 2336 spatha
1070 2276 1324 2321 lanceolata
1348 2275 1539 2320 dimidio
1561 2274 1781 2319 breviore.
1853 2272 1962 2331 (T.)
2029 2288 2073 2317 v.
2095 2289 2140 2318 v.

641 2341 762 2388 Ons.
808 2341 858 2388 C.
898 2339 1115 2387 esculento
1151 2355 1290 2400 quam
1329 2339 1530 2384 maxime
1563 2337 1702 2382 affine
1737 2345 1784 2381 et
1823 2336 2204 2385 diversnmsoinm

705 2406 884 2464 spadice
909 2406 963 2451 ad
1003 2407 1183 2464 apicem
1222 2419 1365 2464 usque
1385 2402 1682 2456 staminifero,
1720 2416 1803 2446 nec
1827 2415 2047 2447 mucrone
2071 2410 2205 2446 acuto

704 2468 946 2515 manifesto
984 2470 1108 2514 nudo
1148 2471 1210 2513 uti
1251 2469 1296 2515 in
1316 2468 1518 2514 iconibus
1546 2465 1739 2524 Rumplz.
1762 2473 1810 2512 5¹.
1833 2472 1867 2512 t.
1897 2465 2062 2526 llO.f.
2093 2475 2133 2511 1.
2158 2475 2208 2511 et

704 2534 868 2580 Rlaeed.
893 2534 997 2580 mal.
1023 2541 1042 2579 l
1058 2542 1095 2579 1.
1122 2541 1156 2578 t.
1181 2540 1259 2580 22.
1280 2548 1382 2593 quae
1400 2533 1547 2578 ambae
1564 2531 1756 2578 eandem
1780 2530 1982 2591 plantam
2007 2532 2203 2589 sistunt3

704 2614 790 2644 nee
814 2599 948 2644 video
970 2615 1062 2659 quo
1087 2599 1226 2643 modo
1249 2599 1305 2644 ab
1329 2597 1489 2642 iisdem
1515 2598 1659 2640 Arum
1684 2595 1917 2641 Colocasia
1938 2594 2105 2640 differt.

575 2690 621 2728 2.
657 2682 745 2727 C.?
784 2682 1108 2736 macrorhizon,
1147 2682 1408 2737 subacaule,
1445 2680 1563 2727 foliis
1579 2677 1802 2740 profunde
1827 2679 2021 2724 cordatis
2045 2692 2207 2739 repan-

706 2748 785 2792 dis.
856 2747 958 2805 (T.)
1000 2748 1053 2792 B.
1091 2764 1136 2793 v.
1159 2761 1194 2793 s,

641 2810 790 2856 Arum
816 2810 1160 2857 macrorhizon.
1231 2813 1288 2857 L.

645 2876 792 2920 Arum
818 2877 1076 2920 maximnm
1099 2874 1412 2920 macror'nizon
1433 2873 1733 2935 zeylanicum.
1773 2872 1926 2918 Herm.
1948 2871 2113 2931 paracl.
2130 2877 2207 2927 73.

708 2956 744 2985 c.
773 2940 862 2985 tab.
889 2941 1021 2986 bona.

643 3005 792 3050 Arum
813 3004 1014 3049 indicam
1032 3004 1245 3050 sativum.
1271 3001 1464 3063 Rumplz.
1487 3003 1602 3048 amb.
1624 3011 1667 3047 5.
1689 3010 1736 3059 p.
1755 3008 1864 3048 308.
1888 3008 1919 3046 t.
1952 3002 2054 3048 106.
2071 3003 2205 3056 bona,

706 3069 784 3113 sed
808 3069 964 3129 spatha
983 3084 1092 3114 cum
1120 3068 1300 3127 spadice
1317 3069 1503 3113 seorsim
1528 3068 1705 3127 depicta
1727 3065 1873 3111 forsan
1897 3066 2082 3114 diversae
2104 3082 2206 3127 spe-

705 3133 808 3190 ciei,
833 3133 1124 3196 descriptioni
1150 3133 1278 3181 enim
1299 3132 1376 3179 vix
1394 3130 1631 3192 quadrant.

2093 3292 2197 3342 Sect
