2474 3654
884 206 1282 261 ORCHIDEAE'.
1792 224 1879 268 3‘11

409 325 681 395 simplicia,
719 328 1058 399 integerrima,
1094 332 1201 384 basi
1229 331 1506 403 vaginanti.
1583 329 1749 388 Floras
1771 341 1876 407 spi-

408 398 528 459 cati,
566 398 832 461 racemosi,
852 402 1162 469 corymbosb
1187 418 1235 454 v.
1265 402 1492 466 solitarii,
1532 408 1641 457 raro
1665 409 1877 476 panicu-

411 467 530 530 lati3
590 467 938 521 u'nibracteati.
1015 472 1195 534 Pubes,
1257 473 1381 524 dum
1426 474 1573 539 adsit,
1639 478 1875 546 simplex,

405 548 570 600 acuta,
609 555 747 588 nunc
773 539 1343 610 glanduloso-capitata.

333 627 455 673 Ons.
490 627 529 674 I.
579 628 803 675 Auctores
839 647 998 677 omnes
1040 633 1173 678 flores
1223 629 1555 682 orchidearum
1604 639 1879 698 resupinatos

394 701 662 751 nuncupant
682 709 790 739 cum
829 697 982 756 revera
1007 698 1115 742 recti
1156 708 1275 744 sunt.
1348 700 1586 746 Labellum
1619 702 1744 746 enim
1779 713 1885 748 anto

395 754 518 800 floris
538 757 864 818 expansionem
882 762 1084 806 antei-ius
1102 775 1179 806 seu
1202 762 1448 822 posticum,
1469 779 1577 810 mox
1594 766 1639 810 in
1664 766 1880 826 pluribus,

395 819 592 866 torsione
614 821 819 882 pedicelli
844 823 1056 869 baseosve
1079 826 1232 880 ovarii,
1267 828 1467 873 anticum
1490 826 1657 875 evadit(

333 882 455 932 Ossst
480 883 544 929 11.
569 884 669 931 Cel.
691 885 882 934 Swartz.
901 888 959 933 de
977 887 1064 933 hac
1078 890 1249 935 familia
1269 893 1494 952 praecipue
1512 904 1667 941 auctor
1684 896 1877 953 meritis·

394 947 553 1002 simus,
588 948 805 1006 laciniam
823 949 1144 998 mediam'labii
1170 954 1388 1000 inferioris
1414 956 1573 1017 Satyrii
1597 956 1768 1005 Thunb.
1796 976 1879 1020 pro

393 1011 561 1057 labello
581 1013 830 1074 descripsit,
867 1016 1119 1076 perperam,
1156 1033 1259 1064 nam
1293 1019 1417 1078 galea
1463 1021 1723 1066 bicalcarata
1747 1016 1886 1084 hujus

393 1077 571 1137 generis
592 1092 752 1122 verum
774 1088 841 1124 est
854 1079 1181 1135 labellum,seu
1196 1083 1402 1128 foliolum
1419 1085 1644 1144 posticum
1662 1087 1787 1132 seriei
1810 1090 1879 1133 in·

393 1141 583 1195 terioris,
604 1151 656 1187 ut
675 1151 797 1202 patet
813 1159 870 1188 ex
887 1141 1093 1203 ejusdem
1117 1148 1336 1208 positione
1357 1147 1540 1194 relativa
1560 1163 1667 1194 cum
1690 1153 1882 1197 stamine

367 1253 371 1257 ,
394 1212 441 1248 et
461 1206 598 1250 ovarii
619 1205 849 1264 placentis.

328 1266 450 1313 Ons.
479 1267 569 1315 111.
607 1269 843 1315 Quoniam
873 1273 917 1316 in
943 1271 1216 1334 Cypripedio
1249 1275 1468 1320 habemus
1502 1276 1728 1321 columnae
1750 1279 1877 1324 lobos

392 1331 595 1378 laterales
617 1333 912 1380 antheriferos
935 1334 1344 1398 intermediumque
1364 1339 1581 1392 sterilem,
1618 1340 1682 1385 fas
1714 1353 1784 1387 est
1804 1360 1876 1390 re—

391 1394 620 1456 liquorum
644 1412 864 1458 generum
895 1398 1022 1445 lobos
1053 1401 1271 1457 laterales,
1294 1405 1337 1448 in
1374 1403 1576 1463 pluribus
1600 1406 1873 1461 manifestos,

399 1459 442 1504 in
479 1462 709 1507 nonnullis
743 1463 844 1508 raro
859 1465 1170 1520 antheriferos,
1207 1468 1250 1511 in
1284 1469 1357 1512 vix
1380 1468 1483 1513 ullis
1510 1469 1698 1514 omnino
1719 1471 1876 1517 defici-

387 1531 535 1578 entes,
569 1526 635 1570 uti
675 1528 864 1571 stamina
904 1529 1068 1573 sterilia
1100 1531 1448 1591 contemplare..
1491 1531 1609 1576 Haec
1642 1542 1875 1580 structurae

390 1591 629 1649 conceptio
650 1588 771 1634 haud
794 1591 957 1641 levem
980 1592 1141 1653 accipit
1162 1594 1554 1640 confirmationem
1589 1610 1645 1641 ex
1669 1599 1875 1660 analogia

395 1651 606 1714 Ps'zilydri
633 1652 732 1713 jam
765 1655 993 1717 descripti,
1029 1658 1151 1717 quod
1182 1659 1265 1704 etsi
1303 1661 1348 1704 in
1372 1659 1525 1704 multis
1547 1660 1603 1703 ab
1635 1659 1874 1709 Orchideis

390 1716 654 1778 longissime
675 1720 862 1771 recedit,
888 1729 1087 1766 attamen
1108 1723 1331 1769 structura
1354 1723 1555 1768 staminis
1571 1732 1616 1769 et
1638 1727 1871 1774 seminum

391 1779 551 1825 iisdem
574 1783 777 1841 apprime
799 1787 1025 1830 convenit.

324 1842 543 1892 ons-JV.
562 1844 764 1892 Textura
784 1854 1029 1895 massarum
1056 1849 1235 1896 Pollinis
1258 1853 1412 1913 magni
1432 1851 1590 1916 valoris
1610 1869 1704 1905 esse
1723 1856 1872 1905 videa-

388 1916 463 1954 tur
475 1909 518 1955 in
540 1909 757 1956 methodo
779 1913 980 1958 naturali.
1009 1913 1131 1960 Hinc
1151 1926 1341 1975 quatuor
1361 1917 1645 1963 Swartzianis
1667 1923 1873 1979 quintam

386 1972 634 2019 sectionem
655 1973 922 2035 adjecimus,
946 1978 1204 2024 adhucdum
1224 1981 1472 2041 parvulam,
1490 1981 1566 2026 cui
1585 1986 1870 2040 praeterGas-

384 2037 578 2081 trodiam
602 2041 795 2096 pertinet
830 2040 1102 2103 Epipoginm
1131 2041 1271 2090 Gmel.
1307 2044 1543 2105 perperam
1579 2059 1688 2094 cum
1713 2049 1868 2096 Limo-

387 2099 506 2144 doris
529 2103 818 2148 associatum.

324 2163 596 2224 Simplicitas
616 2181 655 2210 v.
673 2167 940 2226 compositio
956 2171 1244 2229 granularum
1262 2171 1439 2231 pollinis
1455 2175 1497 2218 in
1516 2175 1715 2234 pluribus
1728 2192 1867 2236 genc-

388 2223 508 2274 ribus
527 2228 881 2279 determinanda.
908 2228 959 2277 ln
983 2236 1179 2281 sectione
1193 2236 1340 2296 prima
1362 2237 1624 2299 compositae
1644 2250 1765 2295 sunt,
1784 2257 1867 2301 pe·

385 2294 509 2338 nitus
546 2302 597 2338 ut
628 2294 674 2339 in
712 2295 954 2355 Apocineis
981 2301 1094 2355 (nou
1123 2299 1442 2359 Asclepiadeis)
1479 2305 1671 2352 comosis
1709 2304 1866 2366 pleris-

386 2371 493 2416 que,
509 2358 554 2400 in
574 2359 772 2404 secunda
788 2370 834 2403 et
853 2361 981 2405 tertia
999 2374 1220 2420 quantum
1240 2366 1742 2429 examinisubjecimus,
1757 2370 1872 2416 sim-

387 2420 542 2481 plices,
579 2421 715 2466 etiam
731 2423 786 2466 ad
803 2422 975 2468 lentem
998 2425 1144 2470 multo
1165 2436 1427 2487 augentem,
1461 2432 1815 2480 observavimus.

321 2482 623 2543 Oss.V.Cel.
638 2485 902 2531 Salisburius
923 2489 968 2532 in
988 2491 1236 2535 tentamine
1251 2490 1315 2552 (iu
1328 2492 1462 2539 Linn.
1479 2504 1616 2542 trans.
1636 2503 1681 2555 7.
1696 2507 1746 2558 p.
1765 2500 1864 2559 29.)

386 2549 445 2595 de
480 2550 809 2609 germinatione
851 2549 987 2611 hujus
1032 2554 1213 2611 ordinis,
1254 2570 1502 2616 praecocem
1544 2560 1867 2618 formationem

385 2612 556 2658 tuberis
590 2614 870 2671 monstravit,
894 2617 1016 2674 quod
1042 2619 1144 2662 vero
1160 2633 1339 2679 quoque
1371 2616 1544 2672 obtinet
1567 2626 1609 2669 in
1643 2625 1739 2670 aliis
1763 2641 1865 2672 mo-

385 2677 789 2738 nocotyledonibus
831 2679 979 2724 radice
1022 2681 1207 2727 bulbosa
1221 2682 1437 2730 donatis:
1497 2686 1615 2734 illius
1661 2688 1864 2737 iconibus

382 2750 554 2796 autem,
574 2757 764 2802 quarum
786 2744 918 2789 series
942 2745 1229 2805 incompleta,
1246 2747 1448 2794 defectus
1477 2752 1753 2812 cotyledonis
1775 2755 1862 2799 mi-

381 2805 510 2850 nime
535 2807 745 2865 probatus
758 2816 826 2853 est
845 2828 856 2862 3
898 2822 1001 2853 nam
1027 2808 1185 2855 harum
1208 2812 1396 2857 secunda
1413 2828 1435 2857 a
1456 2814 1615 2860 dextro
1630 2827 1864 2864 numerata

381 2868 568 2915 exbibet
590 2885 749 2916 semen
765 2872 1023 2917 adhucdum
1046 2873 1168 2918 atillo
1203 2875 1443 2930 inclusum,
1478 2891 1525 2922 et
1537 2881 1860 2939 germinatione

382 2930 460 2975 vix
481 2932 678 2993 incepta,
714 2935 961 2980 formatum
997 2937 1226 2983 albumine
1248 2954 1429 2999 magn0,
1449 2941 1503 2985 ad
1521 2940 1649 2999 cujus
1671 2944 1858 2991 alteram

379 2997 718 3043 extremitatem
729 2999 931 3060 Embryo
948 3003 1115 3057 existit,
1137 3003 1342 3061 exiguus,
1365 3004 1563 3050 radicula
1583 3008 1762 3057 minuta
1780 3023 1858 3067 pa·

380 3058 484 3113 :hm
500 3062 678 3105 exserta
699 3082 708 3106 :
738 3063 781 3106 in
800 3064 933 3111 tertia
947 3077 1099 3111 autem
1121 3066 1334 3112 albumen
1361 3065 1457 3125 jam
1491 3072 1751 3129 absorptum
1771 3080 1855 3127 est,

380 3121 577 3173 radicula
592 3123 638 3168 in
659 3126 866 3172 tuberem
881 3143 1108 3181 conversa,
1126 3130 1329 3186 plumula
1351 3133 1566 3191 diphylla:
1589 3143 1634 3178 et
1648 3134 1681 3178 si
1701 3143 1855 3181 auctor

380 3186 511 3238 aliter
529 3185 691 3253 figuras
709 3203 810 3236 suas
832 3207 955 3240 nunc
986 3194 1226 3257 explicare,
1267 3204 1313 3240 et
1332 3206 1555 3256 punctum
1574 3207 1757 3244 acutum
1774 3213 1853 3243 ex-

1687 3269 1855 3314 sertum
