2442 3703
436 323 523 364 158
916 313 952 359 F
954 311 1175 360 ILICES.
1319 309 1584 360 Dicksonia.

431 443 477 488 2.
515 439 575 484 D.
616 434 940 489 DavollioideS,
971 436 1204 481 frondibus
1225 430 1673 496 supradecompositis
1696 434 2054 480 membranaceis

562 502 757 547 flaccidis
787 502 950 547 subtus
975 501 1290 559 pilosiusculis,
1325 499 1523 558 pinnulis
1547 498 1752 557 oblongis
1773 499 1921 543 incisis
1944 513 2056 558 pau-

559 567 740 620 cifloris,
775 564 1018 610 involucris
1041 564 1229 625 glabris:
1266 563 1442 609 valvula
1463 564 1686 607 exteriore
1706 563 1897 620 minore.
1959 563 2047 621 (J.)

556 647 600 674 v·
623 647 664 675 2¹.

495 695 616 741 oss.
651 693 869 740 Davalliae
893 693 1043 738 dubiae
1065 693 1192 738 valde
1216 691 1376 738 affinis.

1046 836 1433 883 ALSOI‘HILA.

433 944 533 992 Sori
577 943 766 1004 globosi,
819 942 1030 996 dorsales,
1083 942 1298 995 distincti,
1355 940 1551 986 divisura
1607 954 1736 985 venae
1792 938 2055 990 insidentes.

561 1007 773 1068 Capsulae
820 1007 1010 1060 sessiles,
1047 1006 1333 1066 receptaculo
1375 1004 1610 1049 communi
1635 1004 1812 1048 elevato
1855 1004 2045 1048 insertae.

555 1071 836 1120 Jnvolucrum
862 1072 976 1116 infra
997 1085 1149 1115 sorum
1165 1071 1402 1124 insertum,
1418 1067 2046 1128 lacero-multifidum,qu:m·

554 1137 702 1196 doque
718 1136 990 1182 obsoletum.

492 1201 677 1247 Caudex
700 1201 922 1247 arboreus.
958 1200 993 1244 F
997 1199 1157 1245 rondes
1176 1195 1637 1259 supradecompositae,
1657 1195 1966 1243 sul-coriaceoe.

491 1305 606 1352 ons.
632 1305 671 1350 Ι.
708 1304 866 1350 Genus
901 1303 1162 1365 proximum
1194 1302 1410 1363 Cyatheae‘
1447 1302 1520 1348 cui
1547 1302 1702 1347 habitu
1723 1301 1914 1348 omnino
1936 1318 2047 1349 con·

553 1371 694 1416 venit.
761 1369 942 1430 Species
986 1379 1149 1428 praeter
1190 1377 1458 1427 sequentem
1500 1373 1607 1413 sunt
1645 1366 1850 1426 Cyathea
1893 1382 2048 1428 aspera

556 1432 721 1482 Smitlz.
744 1441 927 1479 extensa
949 1433 1044 1481 Sw.
1071 1440 1118 1478 et
1149 1431 1454 1492 <polypodium
1486 1432 1746 1477 lunulatum
1771 1431 1915 1480 Forse.
1940 1448 2049 1478 nec·

552 1513 644 1545 non
667 1499 818 1558 plures
852 1497 1033 1542 ineditae
1056 1499 1111 1542 ab
1136 1497 1264 1543 India
1286 1497 1478 1555 utraque
1499 1504 1546 1540 et
1568 1509 1658 1541 una
1676 1495 1856 1540 excelsa
1877 1496 2046 1542 Insulae

552 1562 825 1609 Norfolkiae.

488 1627 608 1675 Ons.
634 1627 699 1674 11.
736 1625 965 1672 Genuinae
983 1624 1200 1686 Cyatheae
1218 1633 1330 1686 quaj
1343 1624 1541 1671 examini
1562 1619 1838 1683 subjecimus
1861 1632 1966 1671 sunt
1989 1625 2046 1671 C.

551 1693 756 1747 arborea,
790 1691 1012 1746 dealbata,
1031 1689 1290 1736 medullaris
1312 1699 1357 1736 et
1379 1687 1525 1735 affinis
1540 1708 1552 1744 3
1593 1688 1638 1733 in
1659 1687 1730 1734 his
1746 1691 1959 1737 omnibus
1981 1691 2050 1735 uti

555 1758 604 1802 in
625 1756 721 1803 aliis
741 1763 935 1817 quatuor
963 1755 1172 1801 nondum
1207 1752 1438 1815 descriptis
1461 1753 1747 1799 involucrum
1770 1754 2047 1815 spbaericum

555 1822 843 1868 transversim
862 1820 1094 1881 aequaliter
1112 1835 1156 1865 v.
1178 1819 1408 1865 laceratim
1421 1816 1674 1872 dehiscens,
1698 1817 1896 1866 divisura
1919 1835 2048 1866 venae

555 1886 735 1941 insidet,
753 1885 831 1932 sed
854 1884 901 1930 in
922 1884 1080 1946 quinta
1102 1884 1254 1946 specie
1272 1884 1329 1929 ab
1352 1882 1517 1929 Insulis
1536 1881 1823 1928 Moluccanis
1845 1899 1871 1930 a
1895 1885 2047 1931 medio

555 1965 686 1998 venae
702 1958 856 1997 ortum
874 1949 1016 2003 ducit,
1047 1957 1092 1994 at
1121 1947 1339 2009 quoniam
1373 1945 1472 1992 haec
1489 1960 1514 1991 a
1546 1948 1877 2007 congeneribu·
1894 1947 2048 1996 differt

555 2016 704 2077 pinnis
725 2014 1025 2075 integerrimis
1044 2010 1450 2059 subensiformibus
1469 2010 1669 2072 sorisque
1688 2012 1865 2074 sparsis,
1890 2013 2046 2074 legem

556 2080 812 2126 insertionis
827 2078 946 2125 baud
966 2076 1168 2124 multum
1187 2073 1402 2123 infirmat.

493 2146 613 2194 Ons.
636 2145 725 2191 111.
760 2143 963 2205 Cyatliea
985 2141 1231 2189 multiflora
1256 2138 1354 2189 Sm.
1388 2138 1564 2186 horrida
1591 2137 1683 2186 Sm.
1719 2134 1921 2201 capensis
1946 2141 2044 2192 Sm,

555 2225 663 2256 cum
686 2209 782 2256 aliis
801 2208 999 2262 ineditis,
1034 2206 1286 2267 praesertim
1303 2205 1361 2252 ab
1385 2202 1517 2250 India
1540 2204 1826 2259 occidentali,
1858 2206 2049 2255 distino-

556 2281 660 2320 tum
681 2287 822 2335 genus
839 2271 1086 2318 efformant
1104 2285 1129 2317 a
1149 2272 1278 2317 nobis
1294 2268 1546 2316 Hemitelia
1567 2270 1762 2325 dictum,
1780 2268 1828 2315 in
1849 2285 1940 2330 quo
1960 2273 2047 2318 sori

556 2337 806 2400 Alsophilae
826 2336 1014 2392 similes,
1039 2336 1176 2383 latere
1197 2350 1328 2382 venae
1342 2333 1560 2388 insident,
1584 2332 1818 2379 involucro
1840 2334 2046 2383 instructi

555 2404 793 2457 fornicato,
835 2402 929 2447 basi
973 2399 1294 2446 semicirculari
1331 2397 1446 2444 infra
1480 2396 1819 2462 receptaculum
1857 2397 2046 2456 inserto,

555 2467 834 2527 marginibus
856 2465 1027 2517 solutis,
1048 2464 1241 2512 demum
1264 2462 1434 2509 reflexo
1450 2470 1496 2508 et
1518 2462 1801 2523 persistente.

490 2531 612 2578 Ons.
637 2530 722 2577 IV.
745 2529 882 2576 Aliud
898 2544 1040 2592 genus
1049 2528 1301 2590 Alsopbiloe
1318 2525 1575 2573 charactere
1595 2526 2048 2589 proximum,habitu

554 2595 925 2649 diversissimum,
962 2595 1244 2642 constituunt
1265 2591 1565 2653 Polypodium
1600 2591 1770 2637 ilvense
1801 2601 1850 2638 et
1879 2592 2048 2653 hyper-

555 2662 766 2716 boreum,
801 2659 1000 2706 Woodia
1030 2657 1295 2712 dicendum,
1345 2656 1390 2701 in
1424 2670 1517 2716 quo
1558 2655 1855 2703 Involucrum
1892 2671 2044 2704 mem·

555 2727 850 2780 branaceum,
883 2730 1110 2785 apertum,
1144 2718 1623 2776 lacero-multifidum,
1655 2719 1829 2767 laciniis
1871 2721 2044 2769 crinitis

553 2790 758 2852 capsulas
779 2789 969 2836 includit
984 2786 1290 2850 pedicellatas,
1300 2784 1586 2846 receptaculo
1602 2785 1841 2831 communi
1864 2784 2045 2832 elevato

553 2853 700 2902 nullo,
767 2854 892 2899 Huic
905 2852 1056 2913 aliquo
1078 2851 1217 2897 modo
1236 2849 1576 2912 approximatur
1597 2847 1897 2910 Polypodium
1919 2851 2043 2909 prui-

556 2927 715 2966 natum
740 2917 832 2965 Sw.
851 2917 1052 2979 capsulas
1071 2915 1242 2963 habens
1264 2915 1366 2962 lana
1379 2913 1613 2969 articulata
1631 2928 1690 2968 ex
1707 2911 1874 2966 eodem
1894 2927 2040 2974 punc.

556 2990 605 3030 to
620 2983 718 3032 orta
740 2982 952 3045 sepultas·

435 3120 478 3160 1.
511 3108 570 3156 A.
604 3106 831 3161 australis,
864 3106 1098 3154 frondibus
1137 3104 1460 3169 decompositis
1489 3103 1672 3166 glabris,
1706 3101 1868 3149 foliolis
1890 3102 2041 3165 bipin-

554 3175 688 3229 natis,
723 3171 872 3235 pinnis
893 3172 1021 3234 apice
1040 3170 1298 3225 attenuatis,
1331 3169 1529 3233 pinnulis
1550 3167 1814 3221 coadunatis
1832 3167 2041 3229 oblongis

555 3238 873 3284 obtusiusculis
895 3236 1022 3298 apice
1043 3237 1218 3282 serratis
1239 3237 1333 3282 basi
1356 3232 1633 3288 multiflorls,
1667 3232 1911 3279 involucris
1929 3234 2039 3280 sub-

554 3302 816 3362 dimidiatis,
848 3301 1057 3351 rachibus
1078 3300 1401 3349 scabriusculis.
1469 3298 1536 3364 (J.
1556 3297 1640 3359 D.)
1707 3313 1753 3346 v.
1771 3312 1818 3342 v.

1759 3359 2039 3413 TRICHO.
