2474 3654
704 548 1432 614 PRAEMONENDA.

987 799 1146 820 ...Φ-

195 969 888 1046 SUPPLEMENTUM
935 995 1099 1047 hocce
1143 997 1299 1065 primi
1335 997 1612 1051 voluminis
1656 1001 1931 1055 Prodromi

190 1085 366 1136 Flora:
383 1085 545 1137 Novae
561 1087 873 1137 Hollamlioe
895 1087 1212 1139 differentias
1234 1089 1502 1157 specificas
1525 1090 1930 1145 Proteacearum

191 1196 449 1229 novarum
476 1179 678 1242 sistens,
707 1180 987 1231 nonnullas
1015 1181 1404 1232 emendationes
1426 1181 1786 1236 characterum
1814 1205 1931 1255 spe-

193 1270 393 1323 cierum
437 1271 670 1340 ejusdem
711 1271 921 1324 familiae
968 1273 1015 1323 in
1060 1273 1316 1342 praedicto
1355 1293 1512 1342 opere
1557 1277 1930 1329 recensitarum

191 1363 349 1414 etiam
376 1365 623 1415 continet.

267 1455 379 1507 Sub
418 1456 637 1527 singulis
674 1458 957 1528 generibus
984 1458 1198 1527 insuper
1236 1458 1625 1511 observationes
1651 1459 1931 1513 nonnullas

190 1547 358 1618 adjeci
375 1559 693 1601 structuram
715 1549 958 1602 foliorum
982 1549 1309 1619 potissimum
1332 1551 1685 1620 respicientes,
1718 1562 1769 1604 et
1794 1571 1930 1621 prae-

187 1641 368 1692 sertim
395 1641 461 1692 de
488 1640 720 1712 Organis
747 1643 856 1694 istis
882 1643 1210 1712 Epidermidi
1236 1644 1462 1712 propriis
1489 1654 1784 1707 tractanteS‚
1808 1664 1927 1714 quae

189 1753 222 1785 a
240 1734 506 1805 plerisque
528 1736 830 1787 auctoribus
862 1736 988 1787 Pori
1013 1746 1105 1786 aut
1135 1735 1371 1786 Stomata
1396 1746 1713 1804 nuncupata,
1742 1755 1773 1787 a
1797 1754 1929 1787 non-

181 1828 357 1891 nullis,
386 1838 438 1880 et
463 1828 664 1891 melius,
703 1840 761 1880 ut
785 1828 914 1879 mihi
940 1828 1162 1892 videtur,
1197 1828 1481 1881 Glandulae
1507 1828 1767 1898 appellata
1786 1840 1925 1882 sunt.

190 1919 301 1972 Hae
332 1919 612 1972 Glandulce
637 1929 863 1972 cutaneoe
888 1921 1042 1983 enim,
1084 1931 1335 1991 quantum
1372 1921 1722 1972 determinare
1758 1920 1924 1990 potui,

189 2012 383 2082 saepius
409 2015 592 2065 revera
619 2012 971 2082 imperforatae
996 2024 1132 2075 sunt,
1177 2013 1379 2064 discum
1415 2012 1723 2064 exhibentes
1760 2031 1924 2064 mem-

188 2106 355 2159 brana
383 2106 544 2159 modo
571 2106 964 2176 pellucentiore,
993 2104 1154 2157 modo
1176 2105 1357 2175 opaca,
1388 2104 1648 2157 rarissime
1675 2103 1922 2168 colorata,

188 2199 490 2254 formatum.
1660 2159 1699 2205 X

263 2293 537 2347 Glandula
563 2311 895 2364 unaquaeque
915 2292 1142 2344 areolam
1175 2291 1532 2361 Epidermidis
1565 2291 1789 2352 unicam,
1819 2289 1923 2340 for-

189 2386 275 2440 ma
295 2387 608 2457 plerumque
628 2384 747 2455 plus
773 2383 947 2437 minus
973 2395 1243 2447 mutatam,
1273 2383 1465 2452 saepius
1492 2392 1813 2434 contractam
1829 2381 1923 2439 ali-

189 2479 406 2551 quando
431 2488 655 2543 auctam,
685 2477 918 2541 omnino,
948 2477 1027 2529 vel
1054 2477 1241 2546 partim
1270 2484 1508 2544 occupat.

265 2572 657 2625 Glandularum
678 2571 851 2643 figura
870 2570 1063 2640 saepius
1084 2570 1263 2632 ovaliS‚
1283 2587 1424 2620 nunc
1445 2566 1772 2620 subrotunda
1798 2564 1920 2616 raro

189 2666 527 2718 transversim
553 2665 785 2727 dilatata,
826 2663 1090 2714 rarissime
1117 2661 1365 2733 angulata
1390 2669 1483 2711 est.
1559 2659 1768 2710 Limbus
1788 2657 1866 2709 vel
1893 2676 1922 2709 e

188 2758 398 2811 duobus
433 2758 716 2829 segmentis
743 2755 1016 2820 distincti5‚
1059 2752 1436 2823 subparalleliS,
1475 2751 1657 2803 leviter
1696 2749 1920 2801 arcuatis

186 2850 528 2921 compositus,
551 2850 633 2903 vel
660 2848 851 2919 saepius
872 2847 1136 2899 annularis
1159 2847 1452 2907 continuus,
1476 2842 1752 2913 segmentis
1772 2840 1922 2910 quasi

188 2945 437 3016 utrinque
453 2943 866 2996 confluentibus:
901 2942 1063 2992 discus
1079 2956 1218 2990 nunc
1236 2936 1512 2998 subovaliS,
1535 2951 1674 2985 nunc
1692 2932 1917 2993 lineariS,

190 3036 454 3092 rarissime}
499 3034 795 3107 angulatuS‚
837 3033 976 3085 haud
1019 3030 1139 3084 raro
1177 3029 1391 3099 duplat,
1435 3027 1692 3080 exteriore
1731 3022 1918 3094 soepius

951 3141 986 3176 A
1012 3130 1044 3175 2
