2442 3703
549 289 644 336 ⁴24
1091 285 1425 334 PLANTAGI
1430 286 1480 333 N
1486 286 1610 335 EAE.

690 409 1010 472 semiteretia,
1050 408 1213 459 axillis
1241 409 1548 478 quandoque
1575 406 1776 458 lanatis.
1855 407 2004 474 Scupi
2030 407 2154 458 axil-

688 477 830 541 lares,
871 482 980 528 raro
1003 478 1309 541 terminales,
1349 478 1570 529 indivisi.
1624 477 1796 529 Flores
1821 477 1996 547 spicati
2028 481 2158 544 (raro

687 549 1013 616 subsolitarii)
1041 549 1255 612 sessiles,
1286 548 1636 600 unibracteati.

609 661 730 708 On.
752 661 1141 721 plantaginearum
1164 662 1403 722 diagnosis,
1429 662 1461 706 si
1486 659 1757 721 paradoxam
1781 658 2058 705 Littorellam
2079 675 2158 706 ex-

677 727 830 787 cipias,
854 726 1093 787 perfacilis,
1129 726 1215 771 hac
1236 727 1340 771 verb
1363 726 1533 771 inclusa
1556 725 1667 770 ordo
1703 723 1968 769 definitione
1993 723 2158 769 diffici-

670 792 755 836 lius
794 791 1259 845 circumscribendu53
1297 789 1490 835 affinitas
1527 804 1708 849 quoque
1730 790 1918 833 obscura
1940 798 1985 833 et
2008 788 2158 833 adhuc

671 857 807 901 etiam
827 855 883 899 de
907 864 1062 900 natura
1085 855 1501 915 integumentorum
1536 854 1659 899 floris
1679 853 1954 914 disputatum
1975 861 2055 900 est.
2079 855 2157 898 Ab

670 918 814 964 Illust.
840 919 1020 964 Jussieu
1044 919 1160 964 inter
1197 920 1393 979 apetalas
1411 919 1660 971 collocatae,
1697 917 1917 962 ordinatio
1938 933 2042 977 quae
2063 918 2157 963 aliis

666 984 895 1028 nonnullis
935 983 1070 1028 nimis
1113 985 1332 1043 paradoxa
1373 984 1564 1029 videtur.
1633 981 1829 1027 Corollae
1867 992 2019 1027 tamen
2056 992 2155 1027 tex-

668 1057 768 1093 tura
801 1056 849 1092 et
885 1048 1182 1108 persistentia,
1215 1049 1421 1109 quamvis
1445 1046 1735 1093 staminiferae
1769 1047 1892 1092 certe
1918 1047 2157 1099 inusitatae,

668 1126 756 1158 nec
779 1112 930 1157 minus
965 1112 1199 1172 singularis
1236 1113 1332 1158 tubi
1366 1111 1573 1173 ejusdem
1598 1110 1839 1157 fructiferae
1872 1112 1916 1157 in
1933 1112 2158 1172 plerisque

667 1177 864 1237 partitio,
889 1174 1018 1236 cujus
1039 1176 1213 1222 laciniae
1241 1193 1350 1223 cum
1380 1179 1430 1222 iis
1449 1177 1578 1222 limbi
1601 1177 1842 1222 alternant.

603 1241 770 1300 Aliqua
813 1240 1005 1287 affinitas
1048 1257 1156 1287 cum
1194 1241 1528 1302 Plumbagineis
1551 1239 1721 1287 corolla
1743 1254 1923 1300 quoque
1946 1240 2154 1286 anomala

669 1306 915 1360 instructiS‚
954 1306 1116 1351 harum
1156 1320 1263 1350 vero
1299 1305 1442 1367 stylus
1481 1320 1661 1366 semper
1694 1304 1861 1350 divisus
1879 1319 1985 1349 cum
2018 1307 2155 1351 ovulo

667 1371 817 1423 unice,
857 1370 968 1416 dum
993 1370 1037 1415 in
1062 1370 1360 1432 Plantagiueis
1392 1369 1771 1432 hermaphroditis
1792 1368 1986 1431 simplex
2008 1371 2153 1415 ovulis

665 1449 759 1479 uno
779 1434 1000 1494 pluribus.

603 1498 823 1560 Analogia
846 1501 960 1546 inter
998 1498 1228 1546 Corollam
1253 1499 1642 1560 Plantaginearum
1666 1508 1712 1546 et
1734 1498 1924 1544 Tubum
1948 1501 2154 1545 stamini-

664 1564 813 1611 ferum
852 1565 1319 1611 Amaranthacearum
1365 1564 1590 1610 infirmata
1611 1573 1680 1610 est
1718 1564 1883 1610 eadem
1909 1563 2157 1610 Littorellae

665 1643 760 1674 non
793 1629 1073 1675 staminifera
1093 1630 1206 1675 etin
1247 1630 1450 1677 femineo
1474 1629 1585 1675 flore
1617 1629 1845 1691 praesenti.
1910 1628 2159 1674 AEstivatio

664 1692 926 1739 soliolorum
946 1694 1110 1754 calycis
1148 1695 1453 1755 suspicionem
1476 1694 1676 1755 aliquam
1699 1693 1873 1740 inducit
1888 1693 1946 1738 de
1969 1708 2152 1738 eorum-

664 1757 771 1804 dem
793 1759 901 1804 vera
919 1759 1096 1807 natura.

999 1922 1374 1971 PLANTAGO.
1445 1923 1502 1972 L.
1570 1925 1688 1972 Juss.

1131 2029 1367 2091 Psyllium.
1435 2030 1556 2076 Juss.

534 2133 680 2182 Flores
714 2133 1093 2194 hermaphroditi.
1167 2133 1363 2195 Capsula
1387 2133 1764 2181 2—-4-locularis.
1834 2132 2014 2183 Semina
2037 2133 2149 2180 defi-

659 2200 768 2254 nita,
805 2214 847 2246 v.
870 2198 1120 2244 indefinita.

593 2281 714 2331 Ons.
750 2283 874 2331 Cttm
912 2283 1012 2331 Cel.
1054 2283 1326 2331 Decandolle
1346 2298 1489 2346 genus
1516 2286 1745 2346 integrum
1767 2284 1950 2337 retinui,
1985 2299 2149 2344 quam-

658 2351 724 2394 vis
747 2351 1067 2412 complectitur
1109 2350 1280 2410 species
1306 2350 1556 2394 seminibus
1578 2348 1777 2394 definitis
1798 2351 1936 2407 (1-2)
1960 2360 2004 2394 et
2027 2349 2151 2394 inde·

660 2414 818 2467 finitis,
843 2416 1011 2475 quippe
1031 2413 1103 2458 hae
1119 2413 1390 2459 differentiae
1413 2414 1486 2459 vix
1508 2413 1611 2459 ullis
1627 2412 1724 2458 aliis
1743 2413 1835 2459 sive
1858 2412 2037 2459 habitus
2061 2414 2150 2459 sive

660 2478 1037 2532 fructificationis,
1061 2479 1374 2534 comitantur-5
1413 2479 1582 2539 species
1605 2478 1817 2538 equidem
1842 2477 2150 2524 caulescentes

658 2543 903 2603 (Psyllium
930 2543 1070 2597 Juss.)
1120 2544 1314 2589 invicem
1357 2544 1650 2590 consentiunt
1688 2544 1870 2603 oepsula
1916 2543 2147 2588 biloculari

657 2609 908 2654 seminibus
943 2607 1166 2660 solitariis,
1201 2609 1278 2653 sed
1314 2607 1412 2654 haee
1454 2618 1680 2653 structura
1703 2609 1914 2654 naturalis
1937 2608 2145 2668 generis:

653 2674 828 2733 species
861 2672 1167 2733 hemisphaerii
1215 2672 1417 2718 australis
1451 2688 1476 2718 a
1510 2673 1693 2732 reliquis
1710 2673 1893 2718 diversae
1918 2681 2021 2715 sunt
2042 2688 2147 2733 cap-

655 2736 765 2782 sulae
789 2737 1041 2782 biloeularis
1062 2736 1221 2784 loculis
1248 2737 1498 2798 dispermis.
1535 2737 1779 2797 Singularis
1801 2749 1870 2782 est
1895 2737 1942 2782 P.
1968 2751 2144 2781 corono-

648 2811 737 2860 pus
761 2801 943 2863 capsula
961 2801 1205 2849 4-loculari
1221 2801 1379 2848 loculis
1402 2804 1744 2864 monospermiS.

1009 2925 1220 2985 Capsuloe
1245 2926 1397 2973 loculis
1421 2925 1666 2987 dispermis.

535 3038 574 3076 1.
611 3029 825 3084 Ptvaria,
863 3029 1017 3090 pilosa,
1054 3030 1172 3076 foliis
1211 3031 1703 3092 elongato-lanceolatis
1742 3031 2010 3079 trinervibus
2032 3035 2145 3079 den-

655 3096 755 3139 tatis
796 3109 1020 3155 scapoque
1043 3095 1134 3141 basi
1159 3095 1333 3150 lanatis,
1369 3097 1492 3158 spica
1532 3096 1796 3145 multiflora.
1869 3097 1933 3157 (J.
1960 3098 2020 3144 D.
2043 3098 2138 3146 M.)

657 3174 696 3203 υ.
720 3175 761 3205 v.

592 3219 712 3268 Osss.
749 3221 902 3270 Variat
925 3222 1042 3271 foliis
1065 3225 1333 3287 subintegris
1356 3232 1400 3271 et
1425 3224 1523 3270 raro
1543 3227 1665 3288 spicit
1690 3229 1948 3290 pauciflorfi.

1920 3319 1961 3356 2.
2003 3310 2049 3357 P.
2074 3310 2147 3356 de—
