2474 3654
673 189 1057 244 ORCHIDEAE.
1186 200 1458 254 Habenaria.
1782 221 1873 262 313

401 311 603 372 palustris
637 315 769 378 Jacq.
804 319 996 366 ustulata
1019 322 1074 368 L.
1110 325 1311 372 militaris
1335 329 1391 373 L.
1430 329 1554 375 fusca
1578 332 1710 395 Jocq.
1754 337 1881 396 papi-

401 377 599 422 lionacea
624 379 678 424 L.
699 382 727 434 ἒ,
750 382 919 440 pallens
946 386 1076 448 Jacq.
1097 390 1358 449 coriophora
1387 393 1437 438 L.
1461 395 1476 437 ?
1501 395 1802 444 odoratissima
1823 401 1881 447 L.

398 441 650 498 spectabilis
671 444 727 490 L.
771 449 1031 494 sambucina
1059 452 1142 496 L.?
1180 455 1468 514 pyramidalis
1491 452 1547 502 L'.
1584 459 1752 506 hircina
1786 462 1880 509 Sw.

395 503 577 563 globosa
598 506 654 552 L.
688 507 871 555 latifolia
916 513 972 558 L.
1007 516 1229 562 maculata
1252 519 1308 564 L.
1345 520 1389 562 in
1425 519 1587 566 harum
1631 525 1768 570 tribus
1807 528 1880 570 ul-

397 567 535 622 timis,
575 570 741 626 (forsan
779 574 823 617 in
845 575 1089 635 plurimiS,)
1126 579 1335 640 glandula
1355 582 1544 643 duplex,
1582 587 1625 630 in
1650 590 1879 635 nonnullis

394 631 460 675 uti
485 632 528 677 in
553 633 613 681 O.
637 634 810 680 hircina
832 646 875 683 et
898 642 1178 699 pyramidali,
1212 645 1346 690 unica
1387 648 1549 693 existit.
1625 651 1741 696 Aliae
1779 668 1881 713 spe-

398 695 488 739 cies
531 712 773 760 europaeoe,
795 703 1021 764 praecipue
1044 705 1231 752 floribus
1248 712 1499 769 purpureis,
1523 713 1618 757 sine
1640 714 1778 760 dubio
1800 720 1802 722 ’
1821 718 1879 762 ad

393 757 483 804 hoc
502 775 643 821 genus
665 766 918 823 pertinent:
958 769 1034 814 sed
1058 770 1221 817 Orchis
1245 788 1466 834 conopsea
1489 776 1547 823 L.
1568 777 1878 825 characterem

393 824 551 883 parum
576 825 790 883 infirmat,
825 831 993 892 quippe
1032 835 1077 878 in
1117 835 1203 880 hac
1230 839 1353 896 (quae
1392 837 1548 884 habitu
1570 843 1690 887 certe
1712 843 1878 888 melitis

391 889 601 934 convenit
621 889 809 938 Orchidi
845 895 983 954 quam
1026 896 1326 957 Habenaria)
1381 903 1588 962 pedicelli
1625 920 1876 952 massarum

389 950 611 1011 glandulis
634 954 806 1003 duabus
825 960 1142 1018 approximatis
1159 964 1400 1010 linearibus
1424 967 1554 1011 nudis
1574 968 1725 1014 inserti
1742 979 1844 1014 sunt
1864 989 1875 1015 :

388 1028 445 1058 an
482 1017 582 1060 ideo
623 1033 787 1077 genero
821 1023 1168 1083 distinguenda?
1216 1043 1324 1072 cum
1360 1030 1629 1077 Habenariis
1650 1034 1776 1078 enim
1799 1034 1876 1079 vix

387 1079 589 1124 associari
613 1091 780 1142 posset.

267 1158 536 1209 OPHRYDIS
557 1163 786 1214 character
801 1170 1001 1231 optimus
1022 1189 1047 1219 a
1066 1174 1129 1220 D.
1154 1174 1385 1220 Francisco
1410 1176 1559 1222 Bauer
1578 1179 1777 1237 primum
1800 1181 1880 1226 de-

391 1234 551 1281 tectus,
570 1231 739 1289 positus
764 1241 831 1278 est
853 1236 901 1279 in
914 1237 1145 1295 pedicellis
1168 1254 1416 1285 massarum
1436 1241 1674 1296 distinctis,
1698 1244 1882 1303 singulis

387 1292 565 1337 cucullo
586 1296 764 1355 proprio
779 1297 976 1353 inclusiS,
1008 1302 1097 1360 qua
1126 1303 1231 1346 not-21
1254 1304 1310 1347 ab
1325 1306 1537 1356 omnibus
1555 1307 1881 1365 prirnointuitu

389 1355 677 1415 dignoscitur.
704 1360 882 1419 Species
900 1364 1112 1422 genuinae
1131 1379 1156 1409 a
1179 1367 1309 1411 nobis
1330 1367 1640 1413 determinatae
1658 1380 1760 1415 sunt
1783 1369 1878 1429 Op.

388 1420 594 1479 myodes,
615 1422 779 1484 apifera
803 1425 894 1473 Sw.
919 1428 1135 1473 aranifera
1162 1429 1253 1476 Sw.
1288 1431 1507 1490 vespifera
1533 1433 1658 1478 Brot.
1678 1434 1878 1478 vernixia

391 1483 518 1529 Brot.
552 1499 660 1530 cum
679 1488 932 1534 charactere
956 1500 1107 1536 autem
1132 1495 1360 1553 proposito
1379 1496 1533 1553 procul
1549 1496 1879 1556 dubioinsuper

387 1549 657 1593 convenient
680 1550 1073 1598 Tournefortianze
1091 1557 1350 1615 nuperrime
1373 1573 1398 1602 a
1422 1559 1733 1617 Des-fontaines
1747 1562 1877 1607 evul-

385 1619 519 1669 gatae,
545 1627 723 1659 necnon
745 1614 1004 1675 Hispanicae
1034 1618 1334 1667 cuz-(milleni.

271 1690 456 1754 Ophrys
494 1696 752 1742 monorcliis
793 1700 848 1744 L.
909 1708 954 1744 et
999 1701 1145 1761 alpina
1182 1704 1237 1747 L.
1272 1704 1497 1762 glandulis
1553 1706 1881 1765 pedicellorum

386 1757 605 1804 distinctis
617 1762 748 1806 nudis
767 1762 1039 1808 Habenariae
1059 1765 1242 1820 simileS,
1265 1768 1321 1811 ab
1337 1768 1497 1812 eadem
1512 1769 1695 1814 diversae
1713 1771 1877 1817 labello

385 1820 507 1867 haud
528 1823 760 1879 calcarato,
781 1833 826 1871 et
843 1827 917 1872 vix
933 1828 1024 1872 basi
1041 1840 1226 1875 saccato.
1244 1829 1426 1892 Ophrys
1443 1831 1804 1894 anthropophora
1816 1834 1874 1881 L.

384 1888 608 1932 structura
630 1889 1127 1937 antherarumOrchidi
1160 1895 1415 1953 respondet,
1452 1897 1680 1955 pedicellis
1700 1899 1875 1943 insertis

389 1950 611 2010 glandulis
634 1952 854 2000 distinctis
879 1956 957 2000 sed
983 1956 1163 2002 cucullo
1186 1961 1420 2003 communi
1443 1961 1638 2007 inclusis,

264 2030 507 2078 SERAPIAS
554 2050 657 2093 quae
695 2036 904 2099 Ophrydi
943 2039 1092 2099 aliquo
1129 2040 1266 2086 modo
1309 2047 1356 2086 et
1387 2042 1512 2087 ‘facie
1552 2049 1597 2087 et
1649 2045 1874 2089 columnae

384 2099 612 2142 structura
639 2103 829 2155 accedit,
865 2104 1094 2162 pedicellis
1127 2106 1350 2150 ambobus
1379 2107 1423 2151 in
1455 2106 1615 2152 eadem
1638 2107 1867 2167 glandula,

385 2160 572 2206 cucullo
594 2162 768 2209 inclusa
801 2165 992 2222 insertiS,
1014 2168 1191 2213 abunde
1208 2168 1372 2213 differt.

264 2271 305 2309 1.
341 2262 409 2308 H.
434 2263 704 2321 ochroleuca,
740 2267 906 2312 labello
926 2269 1173 2329 tripartito:
1210 2271 1325 2316 lobis
1347 2273 1563 2333 integris:
1601 2273 1869 2320 intermedio

385 2330 870 2389 compresso-filiformi
895 2333 1153 2378 lateralibus
1190 2334 1445 2380 lanceolatis
1487 2337 1753 2383 acutissimis
1790 2353 1869 2396 pa-

385 2393 492 2435 mm
535 2393 753 2453 longiore,
791 2395 946 2440 calcari
968 2397 1142 2442 clavato
1164 2400 1365 2443 ovarium
1387 2401 1692 2460 subaequante.
1761 2402 1863 2461 (T.)

379 2470 424 2502 v.
447 2471 491 2503 v.

260 2546 304 2585 2.
339 2537 405 2586 H.
429 2538 648 2601 elongata,
673 2542 834 2588 labello
856 2544 1100 2605 tripartito:
1127 2546 1473 2608 iobisintegris:
1508 2548 1775 2594 intermedio
1795 2548 1863 2592 di-

393 2604 533 2649 midio
551 2606 769 2660 breviore,
795 2608 1040 2654 calcaribus
1064 2611 1215 2656 ovario
1231 2611 1369 2671 duplo
1391 2613 1682 2671 longioribus,
1705 2611 1863 2658 foliolis

391 2668 672 2716 interioribus
696 2672 930 2733 peria-nihii
956 2673 1167 2722 indivisis,
1240 2675 1340 2735 (T.)
1406 2691 1449 2722 v.
1472 2692 1513 2721 v.

1017 3217 1041 3245 ο
1072 3227 1090 3254 5
1738 3209 1855 3255 Sect.
