2474 3654
845 178 1411 235 PRAEMONENDA.
1872 189 1940 242 vii

395 326 526 396 (M.)
567 328 727 382 Oram
766 328 1163 384 Meridionalem
1201 333 1369 386 Novae
1395 333 1709 400 Hollandiae,
1752 354 1799 388 a·
1820 338 1959 391 Pro--

324 419 586 472 montorio
633 418 833 483 Lewin‚
876 419 938 471 ad
980 421 1392 475 promontorium
1441 423 1653 477 Wilson
1696 426 1746 477 in
1801 429 1947 480 Freto

322 509 470 573 Bass‚
508 510 937 580 complectentem
988 512 1214 564 Lewin's
1258 513 1426 577 Laud,
1466 515 1659 585 Nuyt's
1694 519 1861 582 Laud,
1892 534 1949 571 ,α

325 598 524 653 Littora
548 601 798 653 orientem
819 619 1013 667 versus,
1050 621 1079 653 a
1105 605 1435 659 NAVAacuo
1462 606 1759 659 Fsmmffls
1784 608 1837 660 in
1859 628 1950 660 ex·

328 688 586 761 peditione
614 691 697 749 cui
724 691 995 763 adjunctus
1021 693 1116 757 fui,
1160 695 1385 764 primum
1408 696 1688 765 explorata,
1726 715 1774 750 et
1803 701 1952 769 paulo

324 790 486 846 posta
510 781 889 851 navigatoribus
939 783 1152 836 Gallicis
1201 786 1342 838 visa:
1382 786 1562 845 insulis
1604 788 1953 859 adjacentibus

329 868 562 924 inclusis.

400 961 505 1031 (T.)
549 963 745 1016 Littora
780 964 949 1017 Novae
998 966 1295 1019 Hollandioe
1343 968 1474 1020 intra
1519 970 1791 1039 tropicum,
1848 984 1954 1025 tam

329 1049 594 1104 orientalia
618 1072 773 1123 quam
800 1056 1233 1125 septentrionalia,
1272 1076 1489 1127 qnorum
1518 1060 1702 1129 priora,
1744 1081 1955 1132 praeser-

325 1140 420 1193 tim
445 1141 494 1193 in
525 1144 785 1197 vicinitate
810 1147 1112 1198 Endeavour
1159 1149 1331 1213 River,
1368 1164 1417 1202 et
1445 1152 1549 1221 Bay
1577 1153 1638 1203 of
1672 1153 1851 1218 Inlets,
1892 1156 1956 1206 al)

329 1231 562 1285 ILLus‘r.
586 1235 780 1287 BANKs
811 1238 1034 1304 primnm
1076 1239 1351 1308 explorata,
1390 1259 1599 1310 nupera
1617 1245 1789 1314 Sandy
1814 1246 1955 1314 Cape

330 1321 391 1372 ad
411 1322 598 1375 insulas
627 1325 974 1378 cumberland
1004 1328 1127 1379 Isles
1153 1330 1332 1392 dictaS,
1361 1351 1563 1387 necnon
1582 1338 1954 1403 septentriona-

329 1410 456 1463 lium
486 1413 815 1485 Carpentaria
840 1428 889 1468 et
907 1418 1189 1470 Arnhem’s
1212 1422 1355 1473 Laud
1386 1422 1437 1475 in
1462 1425 1957 1497 expeditione‘supii

329 1499 615 1558 memorata
638 1506 864 1559 lustravi.

407 1595 519 1661 (O.)
564 1599 721 1650 Oram
766 1599 1151 1654 Occidentalern
1197 1621 1225 1654 a
1276 1605 1632 1660 promontorio
1669 1610 1849 1662 Lewin
1895 1613 1960 1663 ad

329 1685 540 1739 Terram
563 1688 624 1741 de
651 1690 806 1755 Wit3
845 1692 992 1761 cnjus
1020 1693 1206 1762 plantae
1249 1697 1514 1750 nonnullae
1540 1699 1664 1750 olim
1692 1719 1722 1751 a
1756 1703 1954 1753 Navar-

325 1777 427 1827 cho
449 1778 696 1849 Darnpier
740 1794 1002 1851 reportatae
1047 1784 1206 1847 fuere,
1237 1799 1292 1838 'et
1341 1787 1572 1856 plurimae
1596 1791 1770 1859 procul
1795 1791 1957 1844 dubio

330 1886 492 1938 nuper
529 1888 557 1921 a
585 1872 1039 1942 peregrinatoribus
1079 1876 1313 1940 Gallicis,
1356 1880 1636 1944 praeiertim
1659 1883 1735 1934 D.
1759 1883 1957 1935 Leche-

332 1959 477 2011 nault
501 1973 550 2012 et
575 1961 628 2012 b.
664 1962 871 2032 Riedley
896 1964 1041 2016 lectae
1066 1979 1206 2018 sunt.
1282 1970 1414 2021 Haec
1438 1970 1578 2023 litera
1611 1986 1780 2025 autem
1806 1975 1959 2039 raris-

333 2049 464 2101 sime
509 2054 748 2117 occurrit,
787 2073 892 2104 non
935 2056 1072 2109 enim
1117 2058 1339 2110 examini
1389 2059 1582 2131 subjeci
1630 2063 1755 2115 ullas
1805 2066 1957 2136 hujus

333 2156 458 2203 orae,
499 2146 602 2192 una
639 2142 855 2194 alterave
882 2143 1147 2215 Dainpieri
1187 2154 1397 2218 excepta
1431 2164 1479 2203 et
1507 2154 1825 2221 paucissimis
1849 2174 1878 2207 a
1904 2157 1956 2209 b,

334 2230 532 2282 Baudin
556 2251 675 2283 curn
703 2233 753 2285 b.
781 2235 920 2305 King
945 2246 1067 2288 tunc
1088 2237 1325 2293 Coloniae
1353 2243 1593 2311 praefecto
1622 2261 1669 2297 et
1687 2247 1761 2298 D.
1789 2249 1959 2300 Pater-

337 2338 430 2372 son
459 2322 675 2393 legionis
701 2324 905 2377 tribuno
934 2327 985 2379 in
1020 2329 1174 2380 Nova
1202 2331 1444 2386 Cambria
1469 2335 1676 2400 relicti8‚
1723 2350 1774 2390 et
1824 2356 1959 2392 nunc

337 2411 412 2462 vel
443 2410 495 2462 in
522 2413 773 2465 Herbario
799 2416 1089 2468 Banksiano
1123 2420 1197 2470 vel
1230 2423 1430 2491 proprio
1457 2428 1742 2479 asservatis.

414 2502 529 2570 (D.)
564 2504 790 2556 Insulam
820 2507 938 2561 Van
959 2508 1205 2574 Diemen,
1222 2514 1366 2582 cujus
1390 2515 1619 2585 regiones
1647 2520 1960 2588 Septentrio-

357 2593 496 2645 nales
521 2604 570 2644 et
596 2595 850 2665 praeeipue
879 2598 1139 2650 Australes
1168 2601 1386 2654 visitavi.

416 2682 521 2734 Ubi
550 2683 712 2753 plures
734 2685 890 2738 literae
918 2689 1070 2740 simul
1095 2707 1387 2758 occurrunt,
1406 2697 1605 2749 easdem
1627 2699 1854 2752 ordinavi
1884 2721 1962 2753 se-

342 2774 569 2826 cundum
593 2775 850 2830 relativam
870 2779 1072 2848 copiam
1105 2783 1312 2851 plantae,
1354 2784 1405 2836 in
1429 2788 1720 2858 regionibus
1747 2809 1962 2861 quarum

341 2864 482 2936 siglae
508 2879 648 2919 sunt.

412 2956 582 3008 Litera
631 2959 667 3010 Β
708 2957 759 3009 in
788 2959 931 3011 omni
957 2961 1058 3013 fere
1089 2964 1272 3035 pagina
1293 2967 1460 3032 obvia,
1503 2984 1550 3020 et
1579 2977 1730 3040 supra
1763 2991 1963 3023 merno-

349 3045 486 3109 ratis,
512 3048 593 3097 sed
622 3060 758 3100 extra
784 3069 968 3116 uncos,
998 3053 1209 3123 adjecta,
1238 3057 1443 3110 denotat
1467 3059 1688 3128 plantam
1719 3061 1768 3112 in
1799 3062 1965 3130 primo

349 3136 527 3189 itinere
577 3138 742 3194 Cookiz'
789 3140 992 3208 lectam,
1034 3157 1080 3195 et
1123 3146 1366 3200 hactenus
1416 3149 1584 3202 solnm
1635 3150 1695 3202 ab
1739 3153 1967 3204 ILLUs‘r.

1755 3244 1968 3298 BANKs.
