2442 3703
497 284 594 338 590
881 267 1370 320 GOODENOVIAE.
1501 264 1746 315 Brunonia.

625 396 892 444 differentiis
932 395 1224 455 sequentibus
1258 399 1409 437 tamen
1442 392 1694 452 ponderatis
1725 391 1842 437 inter
1864 389 2109 452 Corymbi-

627 464 740 509 seras
757 470 801 506 et
824 459 1139 506 Goodenovias
1161 456 1401 502 locandum
1425 470 1519 500 esse
1536 471 1713 502 censeo.

560 526 864 574 Goodenoviis
887 524 1097 568 convenit
1129 522 1344 580 stigmatis
1368 520 1544 564 indusio
1569 519 1662 564 fere
1694 519 1924 579 peculiari,
1948 520 2103 564 stami-

620 606 732 637 num
761 588 1002 642 structura,
1039 587 1289 645 iisdemque
1307 600 1330 628 a
1352 584 1519 629 corolla
1538 583 1705 637 liberis,
1729 584 1866 628 ovulo
1889 585 2102 642 embryo-

619 670 766 714 neque
804 652 990 698 erectis:
1029 651 1250 708 discrepat
1280 648 1627 698 inflorescentia,
1662 649 1907 708 pericarpio
1931 650 2100 692 utricu-

613 719 708 772 lari‚
744 718 923 763 defectu
948 715 1205 765 albuminis,
1239 712 1500 770 embryonis
1527 711 1722 756 radicula
1745 711 2022 756 brevissima.

556 782 882 844 Cory'mbiferis
916 779 1062 823 simile
1087 776 1439 830 inflorescentiffi,
1473 774 1654 821 corollae
1678 776 1896 820 divisione
1917 785 1963 820 et
1985 776 2102 820 aesti·

618 847 813 897 vatione,
850 843 1139 889 antlierarum
1179 841 1418 884 insertione
1452 850 1498 884 et
1533 840 1693 884 mutua
1714 838 1989 895 cohaesione,
2026 840 2105 884 de·

616 911 740 956 fectu
778 908 1034 964 albuminis‚
1072 906 1334 964 embryonis
1374 905 1507 948 erecti
1550 905 1838 964 proportione
1875 905 2068 962 partium
2090 924 2099 949 z

617 976 853 1019 diversum
876 972 1029 1033 calyce
1049 963 1209 1024 ὦρτο,
1246 967 1488 1013 filamentis
1511 983 1535 1013 a
1560 967 1728 1013 corolla
1746 967 1960 1022 discretiS,
1996 967 2104 1029 stig-

619 1049 751 1084 matis
777 1038 968 1083 indusio.

553 1102 928 1163 Campanulaceis
951 1097 1177 1144 nonnullis
1201 1095 1431 1142 subsimile
1455 1093 1807 1150 inflorescentia,
1831 1091 2103 1141 staminum-

614 1182 704 1226 que
728 1166 968 1211 insertione
989 1173 1035 1208 et
1059 1162 1300 1214 structura,
1335 1170 1380 1206 et
1404 1157 1694 1206 antherarum
1710 1160 1966 1205 cohaesione
1988 1179 1998 1205 ε
2037 1159 2105 1203 tli-

614 1230 919 1276 versissimum
939 1228 1089 1273 orario
1111 1227 1254 1272 libero
1274 1240 1613 1286 monospernio,
1634 1225 1842 1285 stigmate
1866 1224 2103 1277 indusiato,

617 1295 791 1340 semine
808 1292 1167 1338 exalbuminoso.

552 1359 784 1421 Dipsaceis
819 1358 1156 1418 approximatur
1191 1353 1348 1400 habitu
1387 1360 1432 1398 et
1471 1351 1824 1406 inflorescentisst,
1856 1351 2049 1398 bracteis
2072 1359 2104 1399 4

612 1424 849 1476 distinctis,
884 1435 1039 1466 earum
1066 1419 1218 1480 calyce
1241 1417 1450 1464 exteriori
1480 1417 1778 1478 monophyllo
1800 1424 1846 1462 et
1880 1418 1926 1461 in
1954 1418 2103 1462 omni-

613 1490 697 1533 bus
720 1488 881 1548 pariter
903 1485 1047 1531 infero
1078 1482 1378 1543 subanalogis,
1413 1483 1548 1528 ovulo
1572 1483 1740 1527 unico:
1778 1478 1930 1526 differt
1952 1481 2106 1542 calyce

613 1552 773 1605 libero,
809 1549 989 1596 corollae
1011 1549 1302 1601 aestivatione,
1338 1547 1606 1592 staminibus
1627 1547 1684 1590 ab
1702 1544 1865 1592 effidem
1888 1545 2106 1601 discretis,

614 1617 903 1663 anthemium
940 1613 1181 1659 insertione
1207 1620 1254 1658 et
1292 1611 1565 1666 cohaesione,
1612 1610 1822 1672 stigmate
1866 1606 2104 1664 indusiato,

616 1680 752 1726 ovulo
774 1687 944 1733 erecto,
980 1677 1162 1723 defectu
1181 1676 1435 1722 alburninis.

555 1745 831 1790 Globulariis
864 1742 1034 1788 accedit
1073 1741 1229 1787 habitu
1249 1749 1293 1786 et
1318 1739 1673 1790 inflorescentia,
1719 1737 1875 1798 calyce
1896 1737 2038 1782 libero
2059 1746 2105 1784 et

617 1809 708 1869 pari
734 1808 829 1853 fere
854 1807 990 1852 modo
1007 1806 1123 1852 circa
1148 1806 1449 1866 pericarpium
1471 1816 1849 1861 monospermum
1866 1803 2105 1860 persisten-

616 1876 668 1929 ti,
703 1872 882 1920 corollae
901 1871 1153 1916 divisione:
1191 1870 1479 1929 distinguitur
1518 1865 1708 1910 bracteis
1731 1865 1999 1911 verticillatis
2031 1882 2106 1912 ca-

615 1939 767 1997 lycem
807 1936 1134 1987 munientibus,
1184 1931 1433 1978 staminum
1489 1930 1735 1976 insertione
1777 1937 1825 1975 et
1865 1928 2104 1987 structura,

615 2002 839 2062 stigmatis
861 1999 1056 2052 indusio,
1091 1995 1228 2042 ovulo
1247 2007 1414 2042 erecto.

495 2115 539 2154 1.
575 2105 629 2152 B.
652 2103 832 2157 sericea,
868 2101 986 2148 foliis
1006 2101 1208 2161 undique
1231 2101 1463 2160 scapisque
1486 2096 1874 2157 longitudinaliter
1892 2100 2066 2145 sericeis
2088 2120 2099 2148 :

616 2169 732 2215 villis
768 2166 1004 2228 adpressiS,
1044 2165 1208 2228 calycis
1241 2165 1414 2210 laciniis
1436 2163 1613 2225 apiculo
1648 2163 1888 2208 incrassato
1910 2164 2107 2211 colorato

617 2234 758 2281 nudo.
829 2231 929 2288 (Τ.)
974 2247 1017 2276 υ.
1042 2247 1086 2275 υ.

554 2299 782 2345 Brunonia
806 2298 983 2342 sericea.
1056 2293 1202 2341 Smiaeh
1221 2293 1266 2339 in
1287 2291 1396 2339 linn.
1423 2299 1560 2338 trans.
1590 2298 1662 2337 10.
1683 2300 1730 2353 p.
1853 2327 1864 2338 .
1888 2307 1986 2337 cum
2005 2291 2061 2340 ic,

490 2393 538 2434 2.
573 2385 626 2431 B.
650 2380 875 2435 australis,
900 2380 1017 2426 foliis
1041 2380 1238 2440 undique
1259 2380 1487 2440 scapisque
1506 2376 1619 2422 infra
1637 2375 1828 2436 villosis:
1856 2377 1954 2437 pilis
1976 2388 2104 2438 patu-

620 2449 693 2503 lis,
716 2448 879 2508 calycis
901 2445 1069 2491 laciniis
1087 2443 1471 2505 longitudinaliter
1491 2441 1710 2504 plumosis
1728 2459 1738 2487 :
1764 2438 1890 2503 apice
1907 2444 2109 2488 acutius-

619 2512 738 2558 culo.
811 2510 892 2569 (D.
918 2509 1015 2566 Μ.)
1088 2526 1130 2555 v.
1149 2525 1195 2555 ν.

554 2576 786 2625 Brunonia
805 2574 1020 2622 australiS.
1091 2569 1238 2624 Smilla
1259 2571 1305 2619 in
1329 2570 1437 2618 Iinn.
1463 2578 1601 2619 crans.
1625 2576 1697 2617 10.
1708 2579 1756 2632 p.
