2442 3703
288 252 350 299 34

350 380 378 424 4

685 243 1102 294 PROTEACEAE
1140 244 1365 293 NOVAE.
1501 246 1732 296 Lomatia.

385 378 466 424 -5.
493 375 548 424 L.
584 373 780 431 Fraseri,
821 373 945 422 foliis
983 373 1346 438 ovali-oblongis
1381 373 1564 423 obtusis
1589 373 1832 423 dentatis:
1860 373 1964 422 basi
1996 383 2139 425 acuta

555 441 851 488 subcuneata
875 440 1181 504 integerrima
1203 463 1215 500 3
1256 441 1429 488 adultis
1454 441 1598 504 super
1619 440 1949 505 glabriusculis
1975 441 2139 490 subter

549 506 760 621 germem,
795 507 994 555 racemis
1030 506 1308 556 axillaribus
1345 506 1786 571 terminalibusque‚
1822 507 2009 572 pistillis
2035 509 2137 573 gla-

584 589 778 621 errimis.

481 650 598 699 Leo.
623 649 725 697 Ora
749 648 938 706 orient.‚
963 657 1112 698 mont.
1135 663 1282 713 prope
1305 648 1418 697 Port
1439 646 1665 704 Jackson,
1691 650 1831 698 1818.
1868 651 1936 698 D.
1955 651 2136 699 Fraser.

483 728 605 775 One.
629 726 683 774 L.
704 726 917 783 dentata,
938 742 1042 788 quae
1065 725 1282 773 foliorum
1309 725 1459 788 figura
1476 724 1750 782 subsimilis,
1768 724 1924 773 differt
1947 726 2135 789 pistillis

553 792 892 857 pedicellisque
927 791 1073 840 ovarii
1107 792 1301 849 villosis,
1346 791 1606 839 seminibus
1637 791 1861 856 utrinque
1896 792 2051 851 alatis,
2087 801 2138 840 et

550 859 673 908 foliis
691 858 986 907 brevioribus
1009 857 1176 907 subtus
1197 874 1292 906 non
1318 857 1528 906 sericeis.

503 1010 1002 1064 STENOCARPUS.
1062 1014 1232 1062 Prodr.
1243 1010 1370 1076 flor.
1395 1029 1496 1062 nov.
1519 1013 1632 1061 holt.
1662 1015 1703 1060 l.
1721 1028 1774 1075 p.
1795 1013 1909 1061 390.

487 1138 611 1185 OBS.
638 1132 890 1182 Glandulae
915 1140 1129 1181 cutaneae
1152 1132 1198 1181 in
1227 1133 1404 1198 pagina
1427 1135 1580 1183 solum
1605 1134 1842 1191 inferiore.

405 1221 452 1266 2.
490 1216 538 1265 S.
563 1212 938 1274 Cunninghamii,
974 1210 1095 1259 foliis
1129 1211 1351 1276 oblongis
1376 1212 1716 1261 obtusiusculis
1750 1211 1853 1259 basi
1876 1211 2136 1260 attenuatis

549 1279 704 1344 planis
728 1276 916 1341 paginis
952 1277 1302 1336 concoloribus,
1338 1280 1494 1328 nervis
1516 1283 1612 1328 3-5
1640 1278 1735 1327 alte
1770 1278 2019 1336 immersis,
2053 1295 2136 1342 pe-

550 1344 764 1393 rianthiis
788 1344 1060 1408 pedunculo
1084 1345 1325 1394 communi
1348 1346 1720 1410 partialibusque
1741 1345 1958 1394 umbellae
1982 1360 2136 1392 ramu-

548 1412 702 1475 lisque
727 1410 1027 1459 tomentosis.

483 1491 600 1602 Lot?
631 1489 734 1535 Ora
766 1486 1470 1551 septentr.·occid.,Vansittart
1489 1487 1762 1553 Bay,1819.
1798 1489 1870 1536 D.
1900 1486 2136 1548 Cunreing-

582 1572 670 1602 am.

608 1713 913 1765 BANKSIA.
986 1713 1276 1780 Prodr.flor.
1298 1730 1403 1765 nov.
1431 1715 1542 1763 holt.
1574 1717 1614 1764 1.
1636 1731 1684 1777 p.
1702 1716 1818 1764 391.

486 1841 612 1890 ons.
651 1837 881 1886 Ovarium
916 1835 1228 1894 uniloculare,
1262 1836 1574 1886 biovulatum.
1634 1835 1793 1885 Ovula
1826 1835 2133 1894 collateralia,

551 1921 695 1970 supra
716 1903 924 1951 medium
948 1902 1174 1966 marginis
1199 1902 1370 1963 affixa,
1407 1911 1543 1951 testae
1576 1903 1723 1951 latere
1748 1904 1981 1951 exteriore
2017 1903 2135 1950 rima

556 1970 895 2036 longitudinali
918 1976 1101 2034 aperto,
1138 1976 1191 2016 ut
1223 1970 1498 2017 membrana
1521 1970 1709 2017 interna
1733 1970 1954 2017 nucleum
1981 1969 2132 2016 inclu-

553 2039 672 2088 dens
692 2054 718 2086 e
739 2038 914 2101 majore
929 2044 1063 2101 parte
1077 2035 1319 2084 denudata
1337 2046 1427 2084 est.
1464 2036 1582 2084 Mox
1607 2044 1716 2101 post
1730 2036 2130 2084 foecundationem

553 2113 688 2154 testae
714 2105 960 2153 ovulorum
986 2103 1229 2150 amborum
1256 2119 1341 2168 per
1363 2103 1515 2150 latera
1537 2119 1625 2150 sua
1647 2101 1986 2164 respondentia
2006 2101 2135 2149 arcte

552 2174 809 2226 cohaerent,
847 2169 1120 2232 sensimque
1144 2178 1299 2216 auctae
1323 2178 1372 2217 et
1409 2170 1660 2227 induratae,
1686 2168 1938 2217 efformant
1958 2168 2133 2216 fructus

554 2238 730 2287 maturi
771 2236 1165 2301 dissepimentum
1188 2235 1388 2284 liberum
1418 2236 1631 2300 ligneum
1667 2235 1881 2292 bifidum,
1905 2235 2039 2298 cujus
2063 2235 2134 2281 fa-

553 2305 716 2355 ciebus
746 2302 870 2366 (basi
894 2318 981 2367 pro
1005 2301 1187 2350 nucleis
1212 2302 1473 2367 excavatis)
1508 2302 1693 2351 semina
1720 2301 1853 2366 apice
1889 2300 2032 2357 alata,
2060 2301 2133 2348 in-

552 2377 834 2437 tegumento
856 2368 1058 2434 simplici
1092 2369 1176 2433 (ex
1213 2367 1402 2418 interna
1443 2370 1719 2418 membrana
1742 2366 1868 2417 ovuli
1910 2367 2135 2432 formato)

555 2439 805 2495 instructa,
825 2436 1063 2503 applicata
1084 2442 1244 2483 sunt³.

488 2504 739 2556 Glanduloe
754 2511 966 2552 cutaneae
981 2502 1028 2549 in
1049 2501 1227 2565 pagina
1244 2499 1484 2564 superiore
1503 2500 1717 2548 foliorum
1745 2498 1886 2547 nullae
1905 2521 1918 2560 3
1948 2498 2135 2562 paginae

553 2570 786 2620 inferioris
810 2569 987 2625 ovales,
1007 2584 1134 2615 nunc
1159 2567 1350 2615 latiores
1374 2567 1518 2630 quarn
1541 2566 1716 2629 longae,
1750 2565 1894 2615 limbo
1919 2564 2136 2612 annulari

552 2635 772 2701 simplici,
791 2634 1115 2691 discolineari‚
1127 2633 1454 2697 lanficrispatfi
1471 2648 1659 2696 semper
1675 2631 1940 2689 occultatae,
1960 2641 2008 2679 et
2024 2631 2135 2679 dum

553 2704 665 2753 folia
679 2701 864 2760 avenia,
882 2701 981 2749 sive
1000 2700 1130 2748 venis
1145 2700 1218 2748 vix
1239 2699 1706 2748 anastomosantibus
1725 2695 1918 2762 donata,
1937 2713 2021 2762 per
2033 2698 2133 2761 epi-

556 2770 814 2819 dermidem
831 2767 1110 2831 aequabilem
1128 2783 1303 2830 sparsae
1323 2790 1337 2828 3
1379 2766 1452 2814 vel
1476 2766 1662 2830 saepius,
1686 2765 1798 2813 dum
1823 2764 1935 2812 folia
1958 2763 2133 2812 reticu-

554 2838 878 2890 lato-venosa,
913 2835 961 2881 in
985 2833 1133 2885 fundo
1156 2833 1431 2881 lacunarum
1457 2831 1757 2897 epidermidis
1787 2831 2024 2878 confertae.

491 2902 707 2953 Foveolae
734 2916 830 2958 ‚seu
866 2900 1047 2948 lacunae
1083 2898 1350 2947 subsimiles
1374 2907 1424 2948 et
1458 2899 1625 2947 eadem
1660 2897 1852 2961 prorsus
1888 2895 2134 2960 dispositio

555 2967 886 3033 glandularum
923 2966 1238 3015 consertarum
1265 2965 1312 3014 in
1339 2982 1499 3014 earum
1525 2960 1672 3013 fundo
1695 2970 1887 3012 exstant
1918 2962 1963 3010 in
1992 2964 2136 3009 Nerio

561 3037 791 3084 Oleandro
815 3042 864 3081 et
882 3037 1035 3081 odoro.
1099 3027 1305 3080 Lacunae
1331 3034 1395 3081 N.
1417 3030 1648 3080 Oleandri
1673 3031 1784 3078 olim
1810 3029 1839 3076 ὲ
1871 3028 2137 3093 Malpighio

556 3103 682 3152 bene
699 3100 946 3149 delineatae
956 3101 992 3158 b,
1008 3098 1341 3163 recentiusque
1364 3116 1392 3147 a
1417 3099 1477 3148 D.
1505 3097 1714 3146 Krocker
1724 3104 1760 3155 ⁶,
1780 3105 1830 3144 et
1853 3096 1912 3144 ab
1935 3104 2136 3159 utroque

556 3177 748 3218 auctore
773 3183 913 3230 poros
940 3183 981 3214 v.
1006 3166 1148 3214 rimas
1184 3165 1386 3214 insolitae
1408 3164 1751 3229 magnitudinis
1772 3171 1822 3212 et
1857 3163 2016 3228 figurae
2050 3161 2135 3210 de·

694 3295 712 3315 ¹
730 3293 872 3346 King's
887 3296 1102 3341 Auser-alia,
1116 3296 1187 3335 vol.
1205 3298 1241 3335 2.
1257 3307 1301 3345 p.
1320 3295 1414 3333 551.

698 3349 716 3374 ὓ
729 3351 919 3400 λίαίρίςΙι.
932 3356 1042 3390 anae.
1054 3351 1180 3400 plant.
1192 3362 1237 3399 p.
1256 3351 1322 3390 37.
1335 3347 1412 3388 tab.
1431 3346 1542 3399 20.s.
1565 3349 1652 3386 106.

695 3403 711 3421 ⁶
734 3405 800 3443 De
814 3406 1047 3453 plantarum
1066 3403 1309 3453 epidermide,
1329 3401 1404 3440 tab.
1427 3404 1462 3439 1.
1465 3401 1509 3452 f.
1529 3405 1568 3439 4.
