2442 3703
440 267 524 320 vin
985 270 1542 326 PRAEMONENDA.

438 417 658 468 BANKs.
737 417 825 468 Ille
851 420 986 470 enim
1019 421 1251 488 peculiari
1280 422 1367 473 suci
1403 422 1719 488 liberalitate,
1759 426 1916 478 hocce
1940 439 2053 481 ten·

441 519 631 572 tamen,
671 508 802 575 quod
831 510 1069 559 omnibus
1101 511 1263 562 modis
1308 512 1519 582 adjuvit,
1559 513 1779 575 iuyentis
1821 517 1925 568 suis
1951 538 2052 570 nn-

436 599 647 648 mtrosis
674 598 911 662 adornare
939 618 1044 650 non
1071 599 1369 671 dedignatus
1390 615 1484 655 est.

508 686 691 738 Literae
740 690 958 739 minores
1009 691 1273 758 speciebus
1317 711 1529 745 annexae
1578 694 1773 763 plantas
1800 714 1829 746 a
1869 714 1951 748 me
1977 697 2055 749 vel

439 777 576 828 vivas
604 778 654 828 in
683 797 850 830 earum
878 782 1035 848 patria
1063 784 1132 846 (v.
1162 786 1231 847 v.)
1265 783 1337 833 vel
1359 784 1568 835 siccatas
1601 789 1752 854 (ly-s.)
1780 787 2061 855 praesertim

440 868 493 920 in
530 870 776 921 Herbario
806 871 1095 923 Banksiano
1123 872 1250 923 visas
1279 873 1433 924 fuisse
1461 875 1708 926 indicant.

510 961 722 1029 Aliquas
751 962 899 1012 etiam
951 962 1187 1014 amicitiae
1229 966 1656 1034 peregrinatorum
1693 967 1766 1016 D.
1803 968 2060 1031 Paterson,

441 1053 512 1103 D.
544 1052 773 1102 Menzies
799 1063 846 1102 et
873 1053 946 1103 D.
975 1053 1162 1118 Bauer,
1203 1053 1382 1121 debeo,
1410 1056 1593 1119 quibus
1620 1056 1833 1125 singulis
1869 1076 2060 1110 nomen

439 1142 716 1193 inventoris
744 1142 920 1212 adjeci.

509 1233 803 1283 Nonnullas
849 1233 900 1284 in
943 1234 1152 1303 pulchro
1197 1253 1343 1304 opere
1387 1235 1490 1288 Cel.
1522 1235 1908 1300 Lahillardiere,
1934 1257 2059 1308 quas

442 1341 537 1374 nec
566 1336 786 1373 recentes
811 1324 928 1392 legi,
954 1343 1046 1374 nee
1074 1324 1283 1376 siccatas
1311 1326 1440 1377 inter
1467 1328 1746 1395 specimina
1772 1327 1832 1378 ab
1858 1345 2062 1379 auctore

441 1415 500 1464 ad
527 1415 597 1464 D.
629 1416 868 1464 Lambert
912 1416 1205 1466 transmissa
1252 1416 1372 1480 vidi,
1414 1421 1553 1467 tanta
1578 1418 1874 1468 auctoritate
1901 1419 2060 1469 fretus

441 1503 717 1565 introduxi,
759 1518 806 1554 et
832 1504 976 1574 signo
1004 1506 1132 1556 obeli
1162 1508 1238 1572 (†)
1272 1506 1463 1559 notavi.

511 1595 688 1645 Paucae
738 1594 1173 1663 Dieotyledonuin
1214 1596 1418 1647 incerta:
1443 1595 1594 1661 sediS,
1637 1596 1713 1647 vel
1735 1597 1800 1648 ob
1830 1609 2057 1650 Structu-

442 1703 545 1735 ram
574 1684 900 1754 singularem,
930 1686 1001 1735 vel
1027 1686 1158 1735 haud
1185 1686 1301 1736 satis
1338 1686 1674 1750 observatam,
1697 1687 1830 1755 operi
1858 1705 2054 1756 appen-

445 1774 622 1825 dendae
644 1773 771 1824 erint
797 1794 810 1837 3
843 1774 925 1824 sed
943 1775 1474 1844 Monocotyledonurn
1505 1793 1688 1846 genera
1714 1776 1950 1827 anomala
1974 1795 2061 1827 or-

442 1866 647 1916 dinibus
673 1865 856 1934 quibus
884 1864 1112 1933 proxima
1133 1865 1256 1916 mibi
1289 1865 1521 1918 videntur
1546 1867 1789 1919 annexui.

513 1955 693 2005 Filices
740 1974 857 2006 cum
904 1956 1461 2026 Monoeotyledonibus
1487 1956 1648 2008 locavi
1673 1957 1833 2027 inagis
1861 1970 2062 2027 propter

443 2045 813 2115 vegetationem
843 2045 1160 2096 subsimilem
1189 2049 1343 2115 qnam
1372 2058 1673 2097 structuram
1727 2047 1936 2097 seminis
1983 2046 2063 2099 vel

442 2135 825 2206 germinationis
869 2136 1080 2186 modum
1131 2138 1559 2201 convenientem3
1599 2136 1880 2206 Squamula
1919 2137 2062 2189 enim

444 2228 643 2279 illarum
670 2226 1026 2299 primordialis,
1062 2246 1181 2278 cnm
1231 2228 1343 2280 verfi
1391 2228 1691 2297 cotyledone
1740 2227 1912 2277 minus
1940 2231 2060 2295 apte.

442 2331 752 2388 comparata,
777 2337 802 2368 e
825 2318 1194 2388 germinatione
1220 2318 1435 2370 omnino
1464 2318 1580 2370 oriri
1610 2317 2063 2387 videatur,-paritcr

444 2428 501 2461 ac
526 2412 828 2462 Museorum
858 2409 1147 2478 primordia.
