2474 3654
734 142 1060 195 SAPOTEAE.
1189 146 1244 193 M
1249 149 1462 209 imusops.
1803 157 1861 195 53
1873 155 1893 193 1

430 264 515 312 niis
535 265 816 312 interioribus
832 267 1050 328 opposita,
1069 269 1257 314 totidem
1278 268 1446 315 sterilia
1462 267 1735 315 alternantia.
1775 270 1898 316 Ova·

427 329 546 375 rium
595 330 954 377 6-—8—loculare.
1023 333 1174 377 Bacca
1217 334 1446 378 abortione
1488 332 1800 392 oligosperma,
1849 349 1900 380 v.

428 407 759 455 monosperma.
831 393 1009 440 Semina
1025 405 1390 450 nucamentacea,
1415 396 1722 441 albuminosa.‘

366 474 485 521 OBs.
521 472 782 522 Imbricaria
806 477 924 522 Juss.
954 479 1241 537 (auctoritate
1264 479 1519 538 speciminis
1541 479 1597 524 ab
1623 478 1837 524 Aubletio
1858 480 1904 524 in

433 540 581 585 Herb.
607 541 795 607 Banks.)
821 541 1109 601 distinguitur
1126 542 1320 587 Corollae
1336 542 1506 586 laciniis
1530 542 1690 602 triplici
1708 543 1816 587 serie
1829 557 1905 588 or·

431 604 611 658 dinatis,
635 604 989 651 media'extimae
1006 606 1226 665 opposita,
1248 606 1481 665 utriusque
1503 604 1684 650 trifidis:
1724 606 1912 650 semini-

437 668 520 712 bus
545 670 764 728 margine,
798 668 1049 728 praesertim
1072 683 1211 730 prope
1233 669 1520 723 umbilicum,
1556 668 1781 729 irregulari
1803 670 1910 714 sub-

438 733 632 776 cristato,

375 792 629 840 Binectaria
663 792 811 842 Forsk.
836 795 1227 840 secundumillius
1265 796 1612 855 descriptionem
1642 795 1698 840 ad
1733 794 1914 840 Mimu-

440 859 575 918 supin
598 858 751 903 referri
776 860 911 918 possit
931 879 941 904 :
979 874 1004 904 a
1026 858 1351 918 congeneribus
1375 868 1525 905 tamen
1559 859 1811 919 discrepans
1846 859 1915 903 la-

442 922 884 967 ciniis'exterioribus
903 922 1085 968 corollae
1105 924 1173 968 bis
1191 922 1352 969 bifidis.
1374 922 1546 968 Achras
1563 923 1749 967 dissecta
1773 924 1913 970 Forst.

442 985 719 1045 Mimusopis
741 987 909 1047 species
940 995 1026 1041 est,
1061 994 1108 1030 et
1141 986 1174 1029 si
1198 986 1312 1030 illius
1349 987 1586 1047 descriptio
1619 993 1822 1030 accurata
1842 989 1917 1031 vix

444 1049 760 1110 distinguenda
781 1065 806 1094 a
829 1050 1082 1111 Mimusopi
1119 1049 1342 1094 hexandra
1382 1050 1540 1105 Roxb„
1577 1050 1654 1095 sed
1683 1050 1730 1094 in
1760 1065 1918 1095 exem-

445 1113 556 1173 plari
577 1115 632 1159 ab
654 1115 750 1174 ipso
768 1113 972 1160 Forstero
1002 1114 1048 1158 in
1069 1113 1292 1158 Herbario
1313 1113 1564 1159 Banksiano
1586 1120 1822 1170 asservato,
1854 1113 1923 1158 la-

449 1178 578 1223 ciniae
600 1177 844 1223 exteriores
867 1176 1047 1223 corollae
1070 1177 1117 1221 ni
1141 1176 1270 1222 fallor
1284 1176 1482 1224 indivisae
1499 1184 1617 1223 sunt.

332 1287 372 1326 1.
406 1277 480 1323 M.
499 1276 756 1341 parvisolia,
790 1278 911 1325 foliis
952 1279 1153 1325 ovalibus
1192 1280 1456 1326 acuminatis
1495 1281 1706 1340 utrinque
1740 1277 1926 1339 glabris,

451 1342 718 1404 pedunculis
745 1348 862 1390 1—3
904 1343 1094 1404 petiolos
1122 1344 1285 1403 pariter
1306 1351 1581 1394 tomentosos
1602 1343 1928 1403 superantibus.

478 1405 536 1453 T.
629 1423 672 1452 v.
693 1423 736 1453 v.

394 1408 515 1516 Oris.
541 1406 765 1529 )Proxima-
797 1469 870 1515 M.
909 1470 1084 1533 Elengi,
1124 1469 1253 1532 cujus
1281 1469 1526 1532 pedunculi
1555 1469 1720 1531 plures,
1756 1468 1932 1529 petiolis

457 1533 767 1596 glabriusculis
786 1534 1029 1591 breviores,
1063 1533 1229 1596 alioqui
1249 1527 1378 1580 Valde
1400 1534 1585 1581 similes.

330 1622 378 1666 2.
411 1615 486 1664 M.
521 1616 710 1677 Kaukij}
729 1617 848 1663 foliis
864 1618 1064 1664 obovatis
1084 1619 1378 1664 obtusissimis
1419 1618 1577 1675 ‚subtus
1599 1615 1820 1678 argenteis
1854 1629 1935 1676 pe-

463 1681 574 1727 tiolo
596 1683 671 1728 vix
693 1681 827 1743 triplo
846 1674 1137 1744 longioribus.
1195 1682 1297 1742 (T.)
1323 1699 1364 1727 v.
1387 1698 1428 1727 v.
1449 1681 1543 1725 siue
1564 1678 1773 1726 fructific.
1785 1699 1800 1736 3
1826 1693 1936 1723 cum

464 1746 617 1791 fructu
638 1746 685 1790 in
703 1744 847 1793 Herb.
865 1742 1033 1793 Banks'.

401 1808 661 1869 Mimusops
680 1808 835 1854 Kauki
860 1809 916 1856 L.
937 1810 1027 1855 fide
1049 1809 1350 1870 speciminum
1370 1807 1512 1855 Herb.
1535 1807 1808 1865 Hermanni,
1832 1821 1936 1868 quae

465 1873 652 1919 floribus
672 1868 940 1934 inexpansis'.

408 1935 529 1983 Ons.
563 1936 847 1983 Manil-kara
890 1935 1053 1984 Rheed.
1094 1935 1261 1991 maleth.
1282 1941 1328 1983 4.
1365 1946 1411 1997 p.
1436 1942 1513 1983 53.
1549 1944 1581 1982 t.
1613 1944 1689 1982 25.
1724 1935 1940 1982 soliorum

471 2000 620 2110 ῗιὲῐᾶλ
642 2001 872 2059 convenit,
912 2002 990 2050 sed
1012 2001 1147 2049 dubie
1169 2001 1259 2049 huc
1282 2000 1436 2059 relata,
1459 2003 1710 2062 praesertim
1730 2000 1789 2046 ob
1810 1998 1943 2045 flores

509 2091 527 2099 -
595 2079 658 2110 os.

1114 3195 1140 3234 3
1164 3194 1243 3234 12
1803 3172 1973 3231 MYR-
