2442 3703
517 308 610 350 404
969 302 1004 347 L
1014 297 1311 348 AURINAE.
1458 302 1695 365 Cassytha

526 436 566 473 1.
605 427 658 473 C.
680 425 935 485 pubescens,
972 427 1103 472 caule
1144 427 1429 487 pubescenti,
1466 427 1600 486 spicis
1635 426 1832 473 indivisis
1855 426 2156 490 breviterpe·

649 491 936 614 dhpngilptis:
974 490 1161 537 floribus
1184 490 1422 546 distinctis,
1458 488 1678 537 fructibus
1716 492 1929 538 exsulcis.
2004 494 2071 552 (J.
2092 493 2152 538 T.

870 573 897 601 v
937 573 980 602 υ.

520 649 564 689 2.
603 640 654 685 C.
681 639 924 694 melantho,
962 640 1090 686 caule
1120 640 1294 700 glabro,
1331 641 1464 700 spicis
1503 640 1734 687 indivisis:
1773 639 1960 687 floribus
1995 642 2152 687 imbri-

646 706 756 750 catis
781 706 1299 764 nigro-pubescentibus.
1374 704 1461 764 (J.)
1531 721 1574 753 v.
1592 722 1633 751 v.

521 797 564 836 3.
602 790 657 835 C.
680 787 896 850 ὲτζΙαΖ-είία,
932 788 1061 834 caule
1104 787 1459 848 perianthiisque
1495 789 1682 850 glabris,
1716 790 1852 850 spicis
1874 789 2152 849 peduncula-

650 854 704 898 tis
729 853 924 898 indivisis
938 853 1412 914 glomeruliformibus
1434 852 1708 913 paucifloris.
1747 855 1812 914 (J.
1833 853 2004 911 MD.)
2042 872 2085 902 v.
2106 872 2150 901 v.

521 945 566 987 4.
602 938 659 984 C.
685 937 965 997 particulata,
1001 937 1132 983 caule
1175 935 1497 997 glabriusculo,
1553 940 1686 1000 spicis
1726 939 1911 985 divisis:
1962 938 2151 985 floribus

648 1003 919 1049 distantibus
940 1003 1123 1064 glabr&
1159 1003 1381 1048 fructibus
1405 1003 1643 1065 angulatis,
1712 1004 1802 1064 (J.)
1873 1020 1914 1050 v.
1938 1020 1978 1050 v.

1090 1167 1342 1214 LAumms
1380 1182 1579 1214 Αῑεικε,

515 1288 976 1340 GYROCARPUS.
1050 1293 1346 1356 ιῙιισι].αἰ]ιεν.
1407 1292 1561 1355 lGaert.
1584 1307 1687 1339 sem.
1758 1291 2080 1340 Roducorom.
2112 1300 2152 1337 1.

1206 1367 1252 1419 p.
1284 1366 1322 1405 1.
1360 1365 1392 1404 t.
1423 1365 1463 1404 1.

518 1460 772 1521 Hermaph.
828 1461 1151 1507 Periantlu'um
1191 1474 1426 1522 superum,
1464 1466 1615 1507 4-8-
1620 1461 1784 1506 fidum.
1857 1458 2064 1507 Stamina
2102 1465 2155 1516 4,

644 1529 879 1588 perigyna,
905 1519 1143 1587 perianthii
1172 1525 1343 1571 laciniis
1367 1525 1585 1586 opposita
1619 1524 1841 1572 Antheroe
1864 1523 2151 1580 biloculares,

644 1591 810 1642 loculis
836 1591 1017 1637 valvulii
1041 1606 1063 1636 a
1088 1589 1179 1636 basi
1202 1590 1255 1635 ad
1275 1591 1453 1650 apicem
1477 1589 1740 1636 dehiscenti.
1813 1588 2033 1636 Ovarium
2049 1604 2153 1634 mo-

649 1671 969 1716 nospermum,
992 1655 1129 1701 ovulo
1151 1655 1366 1716 pendulo.
1425 1653 1579 1716 Stylus
1600 1655 1905 1700 brevissimus.
1977 1653 2154 1714 Stigma

641 1721 907 1778 capitatum,
933 1720 1188 1778 obliquum.
1227 1720 1392 1778 Drupa
1415 1721 1544 1778 apice
1567 1719 1745 1765 bialata.
1796 1718 2026 1764 Albumen
2047 1718 2150 1763 nul-

645 1783 762 1828 lum.
835 1782 1032 1841 Embryo
1070 1784 1288 1829 inversus.
1361 1782 1648 1844 Cotyledones
1683 1784 1887 1844 spitales,
1905 1783 2148 1844 petiolatae.

646 1847 862 1894 Plnmula
886 1848 1106 1908 diphyua.

580 1912 729 1959 Mense.
770 1913 837 1967 (in
859 1913 1023 1957 effidem
1046 1911 1201 1973 cymzi)
1232 1910 1489 1958 Perianthio
1510 1919 1557 1958 et
1582 1911 1860 1958 Staminibus
1884 1911 1982 1958 fere
2012 1920 2065 1959 ut
2104 1913 2152 1958 in

644 1976 803 2023 herma
840 1977 884 2022 h.

583 2042 796 2090 Arbores,
808 1994 835 2039 p
864 2041 988 2089 Folia
1030 2051 1187 2103 sparsa
1224 2042 1284 2088 ad
1323 2042 1643 2088 extremitatem
1685 2056 1910 2086 mmorum
1936 2041 2153 2101 conferta,

639 2106 879 2168 petiolata,
916 2106 1207 2168 astipulata,
1263 2106 1375 2160 lata,
1411 2105 1602 2152 indwisa
1644 2121 1686 2150 v.
1730 2104 1897 2160 tol-ata,
1953 2104 2151 2152 decidua.

649 2171 818 2231 Cymae
865 2170 1951 2233 axillares,dichoton1oe‚polygan1ae.Flores
1974 2170 2148 2217 herma-

639 2233 878 2295 phroditi
863 2251 910 2282 m
928 2232 1206 2282 dichotomiis
1230 2235 1442 2291 solitarii,
1479 2236 1642 2300 reliqui
1667 2233 1867 2282 masculi.

580 2320 705 2368 One.
724 2321 763 2367 Ι.
801 2321 876 2366 Ad
897 2321 1070 2367 calcem
1097 2320 1402 2368 Lourinarum
1427 2323 1562 2394 posui
1598 2335 1757 2381 genus,
1796 2319 1928 2365 nulk
1964 2320 2149 2380 cognito

642 2386 764 2430 arcte
788 2385 942 2440 affine,
976 2386 1054 2431 sed
1098 2386 1204 2430 huic
1240 2385 1386 2430 ordini
1427 2394 1478 2430 ut
1502 2380 1614 2430 mihi
1650 2385 1833 2430 videtur
1867 2385 2054 2445 propius
2076 2400 2150 2430 ac·

644 2449 809 2495 cedens
852 2465 989 2511 quam
1035 2449 1349 2510 Myrobalanis
1390 2448 1520 2496 Juss
1562 2449 1931 2508 (Combretaceis
1954 2449 2070 2496 A‘oh.
2106 2450 2160 2495 in

647 2516 854 2575 sequenti
880 2514 1111 2560 volumine
1134 2514 1412 2570 traciandis,)
1450 2516 1677 2576 praecipue
1699 2517 1758 2560 ob
1784 2515 2027 2560 Perianthii
2051 2515 2149 2560 An-

644 2578 964 2639 therarumque
982 2588 1255 2624 structuram
1274 2588 1320 2624 et
1352 2579 1611 2625 Plumulam
1642 2581 1948 2639 conspicuam.
2023 2578 2148 2624 Ova-

645 2645 763 2689 rium
783 2644 996 2703 equidem
1024 2642 1240 2697 inferum,
1287 2642 1408 2703 quod
1447 2643 1494 2700 in
1538 2643 1746 2689 Laurinis
1786 2657 2019 2703 superum,
2070 2644 2149 2688 sed

646 2707 746 2753 brec
788 2717 894 2756 nota
919 2707 1038 2754 baud
1061 2709 1215 2768 magni
1248 2708 1409 2759 valoris
1432 2707 1476 2753 in
1501 2708 1660 2754 ordine
1684 2709 1729 2753 in
1752 2722 1845 2767 quo
1870 2708 2006 2753 tubus
2029 2711 2146 2764 peri-

643 2773 784 2818 anthii
808 2788 918 2817 cum
938 2772 1087 2833 fructu
1111 2772 1274 2833 saepius
1298 2771 1556 2834 ampliatur,
1579 2773 1875 2832 eundemque
1896 2771 2143 2834 aliquando

645 2837 836 2882 omnino
860 2839 989 2898 tegit,
1027 2838 1232 2896 quamvis
1255 2853 1346 2883 non
1367 2837 1585 2886 adhaeret.

582 2899 703 2949 Ons.
731 2901 794 2947 11.
831 2901 903 2947 De
928 2902 1162 2963 speciebus
1184 2901 1311 2948 valde
1331 2903 1529 2948 incertus
1556 2916 1680 2957 sum,
1713 2901 1963 2948 consultIus
1988 2907 2145 2948 autem

642 2966 754 3012 ‘duxi
797 2980 1045 3027 proponere
1083 2975 1324 3026 sequentes
1368 2975 1420 3013 ut
1461 2967 1690 3012 distinctas
1728 2966 2070 3026 etaJacquinii
2099 2977 2147 3013 et

647 3031 894 3092 Roxburgii
915 3032 1126 3082 diversas,
1162 3046 1297 3090 quam
1320 3047 1482 3077 omnes
1505 3029 1798 3092 conjungere.
1869 3030 2048 3076 Interoe
2072 3032 2140 3077 di-

644 3097 819 3156 agnosis
841 3110 865 3141 a
890 3096 981 3144 Cel.
1013 3094 1167 3142 Willd.
1203 3097 1427 3158 proposita
1452 3097 1564 3141 inter
1583 3098 1904 3142 Americanam
1939 3104 1987 3142 et
2009 3096 2142 3141 Asia·

646 3162 800 3214 ticam,
835 3161 1026 3207 omnino
1070 3175 1254 3206 erronea
1293 3176 1390 3206 esse
1432 3161 1625 3214 videtur,
1675 3161 1844 3222 quippe
1883 3161 1941 3206 de
1984 3160 2141 3220 plaut&

645 3223 870 3283 Jacquinii
905 3226 1084 3270 nullum
1109 3224 1340 3287 exemplar
1363 3235 1506 3271 exstat
1530 3226 1573 3271 in
1606 3225 1705 3287 ejus
1729 3224 1934 3271 herbario
1955 3226 2143 3271 Ameri-

645 3304 773 3342 ωηο,
788 3305 908 3336 nunc
928 3292 972 3336 in
992 3305 1148 3336 museo
1169 3290 1438 3346 Banksiano,
1462 3301 1624 3352 praeter
1642 3291 1803 3337 solium
1814 3289 2000 3335 unicum
2021 3289 2142 3347 quod

1987 3353 2147 3400 leviter
